timp(ms),,sch operatii,task1,repetare,speed,J1,J2,J3,J4,J5,J6,X,Y,Z,,,,,,
1580,op_change,0,to_home,48,0,-0.4687918,21.74544,-10.45525,-0.0007247237,78.71111,-0.5230376,575.9996,-4.7113,546.9863,01/07/2024,11:20:12,,01/07/2024,11:29:45,
1738,op_change,0,to_home,48,0,-0.4685813,21.74544,-10.45514,-0.0007247237,78.71111,-0.5228668,575.9995,-4.712357,546.9863,01/07/2024,11:20:13,,01/07/2024,11:29:46,
1859,op_change,0,to_home,48,0,-0.4686865,21.74544,-10.45525,-0.0007247237,78.71127,-0.5228566,575.9995,-4.711299,546.9857,01/07/2024,11:20:13,,01/07/2024,11:29:46,
1984,op_change,0,to_home,48,0,-0.4686865,21.74554,-10.45525,-0.0004545681,78.7111,-0.5228477,575.9995,-4.711599,546.9857,01/07/2024,11:20:13,,01/07/2024,11:29:46,
2102,op_change,0,to_home,48,0,-0.4686865,21.74544,-10.45514,-0.0007247237,78.71127,-0.5229454,575.9998,-4.711602,546.9871,01/07/2024,11:20:13,,01/07/2024,11:29:46,
2224,op_change,0,to_home,48,0,-0.4685813,21.74544,-10.45514,-0.0004545681,78.7111,-0.5228477,575.9997,-4.712659,546.9863,01/07/2024,11:20:13,,01/07/2024,11:29:46,
2345,op_change,0,to_home,48,0,-0.4686865,21.74544,-10.45514,-0.0004545681,78.71126,-0.523097,575.9998,-4.7113,546.9863,01/07/2024,11:20:13,,01/07/2024,11:29:46,
2473,op_change,0,to_home,48,0,-0.4686865,21.74544,-10.45514,-0.0004545681,78.71126,-0.523097,575.9993,-4.712355,546.9857,01/07/2024,11:20:13,,01/07/2024,11:29:46,
2584,op_change,0,to_home,48,0,-0.4686865,21.74544,-10.45525,-0.0007247237,78.71111,-0.5230376,575.9995,-4.712657,546.9863,01/07/2024,11:20:13,,01/07/2024,11:29:46,
2708,op_change,0,to_home,48,0,-0.4685813,21.74544,-10.45525,-0.0007247237,78.71111,-0.5230376,575.9993,-4.712656,546.9857,01/07/2024,11:20:13,,01/07/2024,11:29:47,
2827,op_change,0,to_home,48,0,-0.4686865,21.74544,-10.45525,-0.0004545681,78.7111,-0.5228477,575.9993,-4.712656,546.9874,01/07/2024,11:20:14,,01/07/2024,11:29:47,
2948,op_change,0,to_home,48,0,-0.4686865,21.74544,-10.45525,-0.0004545681,78.7111,-0.5228477,575.9995,-4.712657,546.9863,01/07/2024,11:20:14,,01/07/2024,11:29:47,
3070,op_change,0,to_home,48,0,-0.4686865,21.74554,-10.45525,-0.0007247237,78.71127,-0.5231161,575.9995,-4.711599,546.9857,01/07/2024,11:20:14,,01/07/2024,11:29:47,
3191,op_change,0,to_home,48,0,-0.4686865,21.74544,-10.45525,-0.0004545681,78.71126,-0.5229263,576.0001,-4.712361,546.9855,01/07/2024,11:20:14,,01/07/2024,11:29:47,
3311,op_change,0,to_home,48,0,-0.4685813,21.74544,-10.45514,-0.0007247237,78.71103,-0.5229966,575.9995,-4.712357,546.9857,01/07/2024,11:20:14,,01/07/2024,11:29:47,
3431,op_change,0,to_home,48,0,-0.4686865,21.74544,-10.45536,-0.0007247237,78.71111,-0.5230376,575.9995,-4.712657,546.9857,01/07/2024,11:20:14,,01/07/2024,11:29:47,
3552,op_change,0,to_home,48,0,-0.4685813,21.74544,-10.45525,-0.0004545681,78.7111,-0.5228477,575.9995,-4.712657,546.9863,01/07/2024,11:20:14,,01/07/2024,11:29:47,
3673,op_change,0,to_home,48,0,-0.4687918,21.74544,-10.45525,-0.0007247237,78.71111,-0.5228668,575.9995,-4.712357,546.9863,01/07/2024,11:20:14,,01/07/2024,11:29:47,
3794,op_change,0,to_home,48,0,-0.4686865,21.74544,-10.45536,-0.0004545681,78.71126,-0.5229263,576,-4.712661,546.9871,01/07/2024,11:20:15,,01/07/2024,11:29:48,
3915,op_change,0,to_home,48,0,-0.4685813,21.74544,-10.45525,-0.0007247237,78.71127,-0.5231161,576,-4.712661,546.9871,01/07/2024,11:20:15,,01/07/2024,11:29:48,
4036,op_change,0,to_home,48,0,-0.4686865,21.74544,-10.45525,-0.0004545681,78.7111,-0.5228477,575.9996,-4.7113,546.9863,01/07/2024,11:20:15,,01/07/2024,11:29:48,
4157,op_change,0,to_home,48,0,-0.4686865,21.74544,-10.45525,-0.0004545681,78.7111,-0.5230185,575.9998,-4.7113,546.9863,01/07/2024,11:20:15,,01/07/2024,11:29:48,
4278,op_change,0,to_home,48,0,-0.4686865,21.74544,-10.45525,-0.0004545681,78.71126,-0.5229263,575.9998,-4.711301,546.9871,01/07/2024,11:20:15,,01/07/2024,11:29:48,
4399,op_change,0,to_home,48,0,-0.4686865,21.74544,-10.45514,-0.0007247237,78.71127,-0.5229454,575.9998,-4.7113,546.9863,01/07/2024,11:20:15,,01/07/2024,11:29:48,
4521,op_change,0,to_home,48,0,-0.4685813,21.74544,-10.45525,-0.0004545681,78.71126,-0.5229263,575.9991,-4.712655,546.9874,01/07/2024,11:20:15,,01/07/2024,11:29:48,
4641,op_change,0,to_home,48,0,-0.4686865,21.74554,-10.45514,-0.0007247237,78.71111,-0.5228668,575.9993,-4.712656,546.9857,01/07/2024,11:20:15,,01/07/2024,11:29:48,
4762,op_change,0,to_home,48,0,-0.4686865,21.74544,-10.45514,-0.0004545681,78.7111,-0.5228477,575.9995,-4.711599,546.9857,01/07/2024,11:20:16,,01/07/2024,11:29:49,
4882,op_change,0,to_home,48,0,-0.4686865,21.74544,-10.45525,-0.0007247237,78.71127,-0.5229454,575.9995,-4.712357,546.9863,01/07/2024,11:20:16,,01/07/2024,11:29:49,
5003,op_change,0,to_home,48,0,-0.4686865,21.74554,-10.45525,-0.0007247237,78.71127,-0.5229454,575.9997,-4.712358,546.9863,01/07/2024,11:20:16,,01/07/2024,11:29:49,
5125,op_change,0,to_home,48,0,-0.4685813,21.74544,-10.45525,-0.0004545681,78.71126,-0.5229263,575.9993,-4.712355,546.9857,01/07/2024,11:20:16,,01/07/2024,11:29:49,
5247,op_change,0,to_home,48,0,-0.4686865,21.74544,-10.45514,-0.0004545681,78.7111,-0.5228477,575.9993,-4.711598,546.9857,01/07/2024,11:20:16,,01/07/2024,11:29:49,
5368,op_change,0,to_home,48,0,-0.4686865,21.74544,-10.45525,-0.0004545681,78.71126,-0.5229263,575.9991,-4.712354,546.9874,01/07/2024,11:20:16,,01/07/2024,11:29:49,
5488,op_change,0,to_home,48,0,-0.4685813,21.74544,-10.45525,-0.0004545681,78.71126,-0.5229263,575.9997,-4.711601,546.9863,01/07/2024,11:20:16,,01/07/2024,11:29:49,
5608,op_change,0,to_home,48,0,-0.4686865,21.74544,-10.45514,-0.0004545681,78.7111,-0.5228477,575.9988,-4.712652,546.9866,01/07/2024,11:20:16,,01/07/2024,11:29:49,
5729,op_change,0,to_home,48,0,-0.4686865,21.74544,-10.45514,-0.0007247237,78.71127,-0.5231161,575.9998,-4.7113,546.9863,01/07/2024,11:20:17,,01/07/2024,11:29:50,
5852,op_change,0,to_home,48,0,-0.4686865,21.74544,-10.45514,-0.0004545681,78.7111,-0.5228477,575.9997,-4.712358,546.9863,01/07/2024,11:20:17,,01/07/2024,11:29:50,
5971,op_change,0,to_home,48,0,-0.4686865,21.74554,-10.45525,-0.0004545681,78.71126,-0.5229263,575.9993,-4.712356,546.9874,01/07/2024,11:20:17,,01/07/2024,11:29:50,
6093,op_change,0,to_home,48,0,-0.4685813,21.74544,-10.45525,-0.0007247237,78.71111,-0.5230376,575.9996,-4.7113,546.9863,01/07/2024,11:20:17,,01/07/2024,11:29:50,
6217,op_change,0,to_home,48,0,-0.4686865,21.74544,-10.45536,-0.0004545681,78.71126,-0.523097,575.9993,-4.711598,546.9874,01/07/2024,11:20:17,,01/07/2024,11:29:50,
6333,op_change,0,to_home,48,0,-0.4686865,21.74533,-10.45525,-0.0007247237,78.71127,-0.5229454,575.9995,-4.712657,546.9863,01/07/2024,11:20:17,,01/07/2024,11:29:50,
6455,op_change,0,to_home,48,0,-0.4686865,21.74544,-10.45536,-0.0007247237,78.71111,-0.5230376,575.9998,-4.711602,546.9871,01/07/2024,11:20:17,,01/07/2024,11:29:50,
6576,op_change,0,to_home,48,0,-0.4685813,21.74544,-10.45525,-0.0007247237,78.71111,-0.5228668,575.9997,-4.712358,546.9863,01/07/2024,11:20:17,,01/07/2024,11:29:50,
6697,op_change,0,to_home,48,0,-0.4686865,21.74544,-10.45525,-0.0007247237,78.71127,-0.5229454,575.9995,-4.711599,546.9857,01/07/2024,11:20:17,,01/07/2024,11:29:51,
6818,op_change,0,to_home,48,0,-0.4686865,21.74544,-10.45525,-0.0007247237,78.71127,-0.5231161,575.9995,-4.712657,546.9863,01/07/2024,11:20:18,,01/07/2024,11:29:51,
6939,op_change,0,to_home,48,0,-0.4686865,21.74544,-10.45514,-0.0007247237,78.71111,-0.5228668,575.9993,-4.712656,546.9874,01/07/2024,11:20:18,,01/07/2024,11:29:51,
7061,op_change,0,to_home,48,0,-0.4686865,21.74544,-10.45525,-0.0007247237,78.71127,-0.5229454,575.9997,-4.711601,546.9863,01/07/2024,11:20:18,,01/07/2024,11:29:51,
7182,op_change,0,to_home,48,0,-0.4686865,21.74544,-10.45514,-0.0007247237,78.71127,-0.5231161,575.9995,-4.712657,546.9863,01/07/2024,11:20:18,,01/07/2024,11:29:51,
7302,op_change,0,to_home,48,0,-0.4686865,21.74544,-10.45514,-0.0007247237,78.71127,-0.5231161,575.9995,-4.712657,546.9863,01/07/2024,11:20:18,,01/07/2024,11:29:51,
7423,op_change,0,to_home,48,0,-0.4685813,21.74544,-10.45525,-0.0007247237,78.71127,-0.5229454,575.9998,-4.713418,546.9871,01/07/2024,11:20:18,,01/07/2024,11:29:51,
7544,op_change,0,to_home,48,0,-0.4685813,21.74544,-10.45525,-0.0004545681,78.71126,-0.5229263,576.0001,-4.712663,546.9855,01/07/2024,11:20:18,,01/07/2024,11:29:51,
7665,op_change,0,to_home,48,0,-0.4686865,21.74554,-10.45525,-0.0007247237,78.71127,-0.5229454,575.9998,-4.7113,546.9863,01/07/2024,11:20:18,,01/07/2024,11:29:51,
7786,op_change,0,to_home,48,0,-0.4686865,21.74544,-10.45536,-0.0007247237,78.71111,-0.522778,576,-4.712361,546.9871,01/07/2024,11:20:19,,01/07/2024,11:29:52,
7907,op_change,0,to_home,48,0,-0.4685813,21.74544,-10.45525,-0.0004545681,78.71126,-0.5228375,575.9997,-4.712659,546.9863,01/07/2024,11:20:19,,01/07/2024,11:29:52,
8030,op_change,0,to_home,48,0,-0.4686865,21.74544,-10.45514,-0.0007247237,78.71111,-0.5230376,575.9997,-4.712358,546.9863,01/07/2024,11:20:19,,01/07/2024,11:29:52,
8150,op_change,0,to_home,48,0,-0.4685813,21.74544,-10.45525,-0.0007247237,78.71127,-0.5231161,575.9993,-4.711298,546.9857,01/07/2024,11:20:19,,01/07/2024,11:29:52,
8269,op_change,0,to_home,48,0,-0.4687918,21.74544,-10.45514,-0.0007247237,78.71111,-0.5230376,575.9995,-4.711599,546.9857,01/07/2024,11:20:19,,01/07/2024,11:29:52,
8390,op_change,0,to_home,48,0,-0.4686865,21.74533,-10.45536,-0.0007247237,78.71127,-0.5229454,575.9995,-4.713415,546.9863,01/07/2024,11:20:19,,01/07/2024,11:29:52,
8509,op_change,0,to_home,48,0,-0.4685813,21.74544,-10.45525,-0.0007247237,78.71127,-0.5229454,575.9997,-4.711601,546.9863,01/07/2024,11:20:19,,01/07/2024,11:29:52,
8632,op_change,0,to_home,48,0,-0.4686865,21.74544,-10.45514,-0.0007247237,78.71127,-0.5229454,575.9993,-4.712355,546.9857,01/07/2024,11:20:19,,01/07/2024,11:29:52,
8756,op_change,0,to_home,48,0,-0.4686865,21.74544,-10.45536,-0.0007247237,78.71127,-0.5231161,575.9993,-4.712355,546.9857,01/07/2024,11:20:20,,01/07/2024,11:29:53,
8875,op_change,0,to_home,48,0,-0.4685813,21.74544,-10.45525,-0.0004545681,78.71126,-0.523097,575.9995,-4.711599,546.9863,01/07/2024,11:20:20,,01/07/2024,11:29:53,
8995,op_change,0,to_home,48,0,-0.4686865,21.74533,-10.45536,-0.0007247237,78.71127,-0.5229454,575.9995,-4.711599,546.9863,01/07/2024,11:20:20,,01/07/2024,11:29:53,
9117,op_change,0,to_home,48,0,-0.4686865,21.74533,-10.45514,-0.0004545681,78.7111,-0.5228477,575.9997,-4.712659,546.9863,01/07/2024,11:20:20,,01/07/2024,11:29:53,
9239,op_change,0,to_home,48,0,-0.4686865,21.74544,-10.45525,-0.0007247237,78.71111,-0.5228668,575.9995,-4.711599,546.9863,01/07/2024,11:20:20,,01/07/2024,11:29:53,
9359,op_change,0,to_home,48,0,-0.4686865,21.74544,-10.45525,-0.0004545681,78.71126,-0.5229263,576.0001,-4.711604,546.9855,01/07/2024,11:20:20,,01/07/2024,11:29:53,
9480,op_change,0,to_home,48,0,-0.4685813,21.74544,-10.45514,-0.0007247237,78.71127,-0.5229454,575.9997,-4.712358,546.9863,01/07/2024,11:20:20,,01/07/2024,11:29:53,
9602,op_change,0,to_home,48,0,-0.4686865,21.74544,-10.45514,-0.0007247237,78.71127,-0.5229454,575.9996,-4.7113,546.9863,01/07/2024,11:20:20,,01/07/2024,11:29:53,
9722,op_change,0,to_home,48,0,-0.4686865,21.74544,-10.45525,-0.0004545681,78.71126,-0.5229263,575.9996,-4.7113,546.9863,01/07/2024,11:20:20,,01/07/2024,11:29:54,
9845,op_change,0,to_home,48,0,-0.4686865,21.74544,-10.45514,-0.0007247237,78.71111,-0.5230376,575.9995,-4.712357,546.9857,01/07/2024,11:20:21,,01/07/2024,11:29:54,
9963,op_change,0,to_home,48,0,-0.4687918,21.74544,-10.45525,-0.0004545681,78.71126,-0.5228375,575.9997,-4.712358,546.9863,01/07/2024,11:20:21,,01/07/2024,11:29:54,
10084,op_change,0,to_home,48,0,-0.4685813,21.74544,-10.45525,-0.0007247237,78.71111,-0.5230376,575.9998,-4.71266,546.9848,01/07/2024,11:20:21,,01/07/2024,11:29:54,
10205,op_change,0,to_home,48,0,-0.4686865,21.74544,-10.45525,-0.0004545681,78.71126,-0.523097,575.9997,-4.711601,546.9863,01/07/2024,11:20:21,,01/07/2024,11:29:54,
10326,op_change,0,to_home,48,0,-0.4686865,21.74544,-10.45525,-0.0004545681,78.71126,-0.523097,575.9996,-4.7113,546.9863,01/07/2024,11:20:21,,01/07/2024,11:29:54,
10447,op_change,0,to_home,48,0,-0.4685813,21.74544,-10.45525,-0.0004545681,78.71126,-0.5229263,575.9998,-4.7113,546.9863,01/07/2024,11:20:21,,01/07/2024,11:29:54,
10568,op_change,0,to_home,48,0,-0.4685813,21.74544,-10.45525,-0.0007247237,78.71127,-0.5231161,575.9995,-4.711599,546.9863,01/07/2024,11:20:21,,01/07/2024,11:29:54,
10690,op_change,0,to_home,48,0,-0.4686865,21.74544,-10.45525,-0.0007247237,78.71127,-0.5231161,575.9999,-4.71266,546.9855,01/07/2024,11:20:21,,01/07/2024,11:29:55,
10811,op_change,0,to_home,48,0,-0.4685287,21.74544,-10.45525,-0.0007247237,78.71111,-0.5230376,576.0001,-4.712663,546.9855,01/07/2024,11:20:22,,01/07/2024,11:29:55,
10930,op_change,0,to_home,48,0,-0.4685813,21.74533,-10.45525,-0.0004545681,78.7111,-0.5228477,575.9995,-4.711599,546.9863,01/07/2024,11:20:22,,01/07/2024,11:29:55,
11050,op_change,0,to_home,48,0,-0.4686865,21.74544,-10.45536,-0.0007247237,78.71127,-0.5231161,575.9995,-4.711599,546.9863,01/07/2024,11:20:22,,01/07/2024,11:29:55,
11173,op_change,0,to_home,48,0,-0.4686865,21.74544,-10.45525,-0.0004545681,78.71126,-0.523097,575.9995,-4.711599,546.9863,01/07/2024,11:20:22,,01/07/2024,11:29:55,
11294,op_change,0,to_home,48,0,-0.4685813,21.74544,-10.45525,-0.0007247237,78.71103,-0.5228258,575.9996,-4.7113,546.9863,01/07/2024,11:20:22,,01/07/2024,11:29:55,
11416,op_change,0,to_home,48,0,-0.4686865,21.74544,-10.45514,-0.0007247237,78.71111,-0.5228668,576.0001,-4.712361,546.9855,01/07/2024,11:20:22,,01/07/2024,11:29:55,
11536,op_change,0,to_home,48,0,-0.4686865,21.74544,-10.45525,-0.0007247237,78.71127,-0.5229454,575.9995,-4.712657,546.9857,01/07/2024,11:20:22,,01/07/2024,11:29:55,
11657,op_change,0,to_home,48,0,-0.4686865,21.74544,-10.45514,-0.0007247237,78.71127,-0.5229454,575.9996,-4.7113,546.9863,01/07/2024,11:20:22,,01/07/2024,11:29:55,
11779,op_change,0,to_home,48,0,-0.4686865,21.74544,-10.45525,-0.0004545681,78.71126,-0.5229263,575.9995,-4.712357,546.9863,01/07/2024,11:20:23,,01/07/2024,11:29:56,
11900,op_change,0,to_home,48,0,-0.4686865,21.74544,-10.45525,-0.0004545681,78.7111,-0.5230185,575.9995,-4.712657,546.9863,01/07/2024,11:20:23,,01/07/2024,11:29:56,
12020,op_change,0,to_home,48,0,-0.4686865,21.74544,-10.45525,-0.0007247237,78.71127,-0.5229454,575.9997,-4.712358,546.9863,01/07/2024,11:20:23,,01/07/2024,11:29:56,
12141,op_change,0,to_home,48,0,-0.4685287,21.74544,-10.45525,-0.0004545681,78.7111,-0.5228477,575.9997,-4.712659,546.9863,01/07/2024,11:20:23,,01/07/2024,11:29:56,
12261,op_change,0,to_home,48,0,-0.4686865,21.74544,-10.45525,-0.0007247237,78.71111,-0.5228668,575.9997,-4.712659,546.9863,01/07/2024,11:20:23,,01/07/2024,11:29:56,
12384,op_change,0,to_home,48,0,-0.4685813,21.74544,-10.45514,-0.0007247237,78.71127,-0.5231161,575.9999,-4.71236,546.9855,01/07/2024,11:20:23,,01/07/2024,11:29:56,
12503,op_change,0,to_home,48,0,-0.4685813,21.74544,-10.45536,-0.0004545681,78.71126,-0.5229263,575.9995,-4.712357,546.9863,01/07/2024,11:20:23,,01/07/2024,11:29:56,
12622,op_change,0,to_home,48,0,-0.4685813,21.74544,-10.45514,-0.0007247237,78.71111,-0.5228668,575.9993,-4.712656,546.9857,01/07/2024,11:20:23,,01/07/2024,11:29:56,
12745,op_change,0,to_home,48,0,-0.4686865,21.74544,-10.45525,-0.0004545681,78.7111,-0.5230185,575.9997,-4.712358,546.9863,01/07/2024,11:20:24,,01/07/2024,11:29:57,
12866,op_change,0,to_home,48,0,-0.4686865,21.74544,-10.45525,-0.0004545681,78.71126,-0.5229263,576,-4.712661,546.9871,01/07/2024,11:20:24,,01/07/2024,11:29:57,
12987,op_change,0,to_home,48,0,-0.4685813,21.74544,-10.45525,-0.0004545681,78.71126,-0.5229263,575.9997,-4.712358,546.9863,01/07/2024,11:20:24,,01/07/2024,11:29:57,
13110,op_change,0,to_home,48,0,-0.4686865,21.74544,-10.45525,-0.0007247237,78.71127,-0.5229454,575.9997,-4.712358,546.9863,01/07/2024,11:20:24,,01/07/2024,11:29:57,
13229,op_change,0,to_home,48,0,-0.4686865,21.74544,-10.45525,-0.0007247237,78.71111,-0.5228668,576.0001,-4.712361,546.9855,01/07/2024,11:20:24,,01/07/2024,11:29:57,
13351,op_change,0,to_home,48,0,-0.4686865,21.74544,-10.45514,-0.0004545681,78.7111,-0.5228477,575.9997,-4.712358,546.9863,01/07/2024,11:20:24,,01/07/2024,11:29:57,
13471,op_change,0,to_home,48,0,-0.4685813,21.74544,-10.45525,-0.0007247237,78.71127,-0.5229454,575.9995,-4.712657,546.9857,01/07/2024,11:20:24,,01/07/2024,11:29:57,
13592,op_change,0,to_home,48,0,-0.4685813,21.74544,-10.45514,-0.0004545681,78.7111,-0.5228477,575.9997,-4.712358,546.9863,01/07/2024,11:20:24,,01/07/2024,11:29:57,
13713,op_change,0,to_home,48,0,-0.4686865,21.74544,-10.45514,-0.0007247237,78.71127,-0.5229454,575.9995,-4.712657,546.9863,01/07/2024,11:20:24,,01/07/2024,11:29:58,
13834,op_change,0,to_home,48,0,-0.4686865,21.74544,-10.45525,-0.0004545681,78.71126,-0.5229263,575.9998,-4.7113,546.9863,01/07/2024,11:20:25,,01/07/2024,11:29:58,
13955,op_change,0,to_home,48,0,-0.4686865,21.74544,-10.45525,-0.0004545681,78.7111,-0.5228477,575.9998,-4.711602,546.9848,01/07/2024,11:20:25,,01/07/2024,11:29:58,
14076,op_change,0,to_home,48,0,-0.4685813,21.74544,-10.45525,-0.0007247237,78.71111,-0.5230376,575.9997,-4.712358,546.9863,01/07/2024,11:20:25,,01/07/2024,11:29:58,
14197,op_change,0,to_home,48,0,-0.4686865,21.74544,-10.45514,-0.0007247237,78.71111,-0.5228668,575.9998,-4.7113,546.9863,01/07/2024,11:20:25,,01/07/2024,11:29:58,
14318,op_change,0,to_home,48,0,-0.4686865,21.74544,-10.45525,-0.0007247237,78.71127,-0.5231161,575.9995,-4.712357,546.9863,01/07/2024,11:20:25,,01/07/2024,11:29:58,
14439,op_change,0,to_home,48,0,-0.4686865,21.74544,-10.45536,-0.0004545681,78.7111,-0.5230185,575.9993,-4.711598,546.9874,01/07/2024,11:20:25,,01/07/2024,11:29:58,
14559,op_change,0,to_home,48,0,-0.4687918,21.74544,-10.45536,-0.0007247237,78.71111,-0.5228668,576.0001,-4.71342,546.9855,01/07/2024,11:20:25,,01/07/2024,11:29:58,
14678,op_change,0,to_home,48,0,-0.4686865,21.74544,-10.45525,-0.0007247237,78.71111,-0.5228668,575.9997,-4.712659,546.9863,01/07/2024,11:20:25,,01/07/2024,11:29:59,
14799,op_change,0,to_home,48,0,-0.4686865,21.74544,-10.45525,-0.0007247237,78.71127,-0.5231161,575.9997,-4.712358,546.9863,01/07/2024,11:20:26,,01/07/2024,11:29:59,
14925,op_change,0,to_home,48,0,-0.4685813,21.74544,-10.45525,-0.0007247237,78.71111,-0.5228668,575.9997,-4.712358,546.9863,01/07/2024,11:20:26,,01/07/2024,11:29:59,
15046,op_change,0,to_home,48,0,-0.4685813,21.74544,-10.45525,-0.0004545681,78.7111,-0.5228477,575.9999,-4.711302,546.9855,01/07/2024,11:20:26,,01/07/2024,11:29:59,
15173,op_change,0,to_home,48,0,-0.4686865,21.74544,-10.45514,-0.0004545681,78.7111,-0.5228477,575.9998,-4.7113,546.9863,01/07/2024,11:20:26,,01/07/2024,11:29:59,
15285,op_change,0,to_home,48,0,-0.4685813,21.74544,-10.45525,-0.0007247237,78.71111,-0.5230376,575.9995,-4.712657,546.9863,01/07/2024,11:20:26,,01/07/2024,11:29:59,
15404,op_change,0,to_home,48,0,-0.4686865,21.74544,-10.45514,-0.0007247237,78.71111,-0.5230376,575.9995,-4.712357,546.9863,01/07/2024,11:20:26,,01/07/2024,11:29:59,
15527,op_change,0,to_home,48,0,-0.4685813,21.74544,-10.45525,-0.0007247237,78.71127,-0.5231161,575.9995,-4.711599,546.9863,01/07/2024,11:20:26,,01/07/2024,11:29:59,
15649,op_change,0,to_home,48,0,-0.4685813,21.74544,-10.45525,-0.0004545681,78.7111,-0.5228477,575.9997,-4.712659,546.9863,01/07/2024,11:20:26,,01/07/2024,11:29:59,
15769,op_change,0,to_home,48,0,-0.4686865,21.74554,-10.45525,-0.0007247237,78.71127,-0.5229454,575.9993,-4.711298,546.9857,01/07/2024,11:20:27,,01/07/2024,11:30:00,
15892,op_change,0,to_home,48,0,-0.4686865,21.74544,-10.45525,-0.0007247237,78.71127,-0.5231161,575.9994,-4.711298,546.9874,01/07/2024,11:20:27,,01/07/2024,11:30:00,
16011,op_change,0,to_home,48,0,-0.4686865,21.74544,-10.45525,-0.0004545681,78.7111,-0.5228477,575.9997,-4.712659,546.9863,01/07/2024,11:20:27,,01/07/2024,11:30:00,
16132,op_change,0,to_home,48,0,-0.4685813,21.74544,-10.45536,-0.0004545681,78.71126,-0.5229263,575.9991,-4.712354,546.9874,01/07/2024,11:20:27,,01/07/2024,11:30:00,
16251,op_change,0,to_home,48,0,-0.4686865,21.74544,-10.45525,-0.0007247237,78.71127,-0.5229454,575.9998,-4.7113,546.9863,01/07/2024,11:20:27,,01/07/2024,11:30:00,
16374,op_change,0,to_home,48,0,-0.4686865,21.74544,-10.45514,-0.0007247237,78.71111,-0.5230376,575.9998,-4.711301,546.9848,01/07/2024,11:20:27,,01/07/2024,11:30:00,
16495,op_change,0,to_home,48,0,-0.4686865,21.74544,-10.45525,-0.0007247237,78.71127,-0.5229454,575.9996,-4.7113,546.9863,01/07/2024,11:20:27,,01/07/2024,11:30:00,
16618,op_change,0,to_home,48,0,-0.4686865,21.74544,-10.45525,-0.0004545681,78.71126,-0.5229263,575.9995,-4.711599,546.9863,01/07/2024,11:20:27,,01/07/2024,11:30:00,
16737,op_change,0,to_home,48,0,-0.4685813,21.74544,-10.45525,-0.0007247237,78.71127,-0.5231161,575.9997,-4.711601,546.9863,01/07/2024,11:20:28,,01/07/2024,11:30:01,
16858,op_change,0,to_home,48,0,-0.4686865,21.74554,-10.45514,-0.0007247237,78.71111,-0.5230376,575.9995,-4.712657,546.9863,01/07/2024,11:20:28,,01/07/2024,11:30:01,
16979,op_change,0,to_home,48,0,-0.4685813,21.74544,-10.45525,-0.0007247237,78.71111,-0.5228668,575.9997,-4.712358,546.9863,01/07/2024,11:20:28,,01/07/2024,11:30:01,
17100,op_change,0,to_home,48,0,-0.4686865,21.74544,-10.45514,-0.0004545681,78.71126,-0.523097,575.9997,-4.712659,546.9863,01/07/2024,11:20:28,,01/07/2024,11:30:01,
17222,op_change,0,to_home,48,0,-0.4685813,21.74544,-10.45525,-0.0004545681,78.7111,-0.5230185,575.9997,-4.711601,546.9863,01/07/2024,11:20:28,,01/07/2024,11:30:01,
17344,op_change,0,to_home,48,0,-0.4687918,21.74544,-10.45514,-0.0004545681,78.7111,-0.5228477,575.9995,-4.712357,546.9863,01/07/2024,11:20:28,,01/07/2024,11:30:01,
17463,op_change,0,to_home,48,0,-0.4686865,21.74544,-10.45514,-0.0004545681,78.71126,-0.5229263,575.9997,-4.711601,546.9863,01/07/2024,11:20:28,,01/07/2024,11:30:01,
17584,op_change,0,to_home,48,0,-0.4686865,21.74544,-10.45514,-0.0007247237,78.71127,-0.5231161,575.9995,-4.712357,546.9863,01/07/2024,11:20:28,,01/07/2024,11:30:01,
17708,op_change,0,to_home,48,0,-0.4685813,21.74544,-10.45525,-0.0004545681,78.7111,-0.5228477,575.9997,-4.712358,546.9863,01/07/2024,11:20:28,,01/07/2024,11:30:02,
17826,op_change,0,to_home,48,0,-0.4685813,21.74544,-10.45525,-0.0007247237,78.71111,-0.5228668,575.9995,-4.711599,546.9863,01/07/2024,11:20:29,,01/07/2024,11:30:02,
17946,op_change,0,to_home,48,0,-0.4685813,21.74544,-10.45525,-0.0007247237,78.71111,-0.5228668,575.9995,-4.711599,546.9863,01/07/2024,11:20:29,,01/07/2024,11:30:02,
18068,op_change,0,to_home,48,0,-0.4685813,21.74544,-10.45514,-0.0007247237,78.71111,-0.5230376,575.9993,-4.713714,546.9874,01/07/2024,11:20:29,,01/07/2024,11:30:02,
18190,op_change,0,to_home,48,0,-0.4685813,21.74554,-10.45525,-0.0007247237,78.71127,-0.5231161,575.9995,-4.712657,546.9857,01/07/2024,11:20:29,,01/07/2024,11:30:02,
18311,op_change,0,to_home,48,0,-0.4685813,21.74544,-10.45514,-0.0007247237,78.71127,-0.5231161,575.9997,-4.712659,546.9863,01/07/2024,11:20:29,,01/07/2024,11:30:02,
18430,op_change,0,to_home,48,0,-0.4686865,21.74554,-10.45525,-0.0007247237,78.71111,-0.5228668,575.9997,-4.712358,546.9863,01/07/2024,11:20:29,,01/07/2024,11:30:02,
18553,op_change,0,to_home,48,0,-0.4685813,21.74544,-10.45514,-0.0004545681,78.7111,-0.5230185,576.0001,-4.712663,546.9855,01/07/2024,11:20:29,,01/07/2024,11:30:02,
18672,op_change,0,to_home,48,0,-0.4686865,21.74554,-10.45525,-0.0007247237,78.71111,-0.5230376,575.9997,-4.712358,546.9863,01/07/2024,11:20:29,,01/07/2024,11:30:02,
18793,op_change,0,to_home,48,0,-0.4686865,21.74554,-10.45525,-0.0004545681,78.7111,-0.5230185,575.9998,-4.7113,546.9863,01/07/2024,11:20:30,,01/07/2024,11:30:03,
18914,op_change,0,to_home,48,0,-0.4686865,21.74544,-10.45525,-0.0007247237,78.71127,-0.5231161,575.9997,-4.711601,546.9863,01/07/2024,11:20:30,,01/07/2024,11:30:03,
19035,op_change,0,to_home,48,0,-0.4686865,21.74544,-10.45525,-0.0007247237,78.71111,-0.5230376,575.9988,-4.711596,546.9866,01/07/2024,11:20:30,,01/07/2024,11:30:03,
19156,op_change,0,to_home,48,0,-0.4686865,21.74544,-10.45525,-0.0007247237,78.71111,-0.5228668,575.9998,-4.71266,546.9863,01/07/2024,11:20:30,,01/07/2024,11:30:03,
19277,op_change,0,to_home,48,0,-0.4685813,21.74554,-10.45536,-0.0004545681,78.71126,-0.523097,575.9995,-4.712357,546.9863,01/07/2024,11:20:30,,01/07/2024,11:30:03,
19398,op_change,0,to_home,48,0,-0.4685813,21.74544,-10.45525,-0.0007247237,78.71127,-0.5231161,575.9995,-4.712657,546.9863,01/07/2024,11:20:30,,01/07/2024,11:30:03,
19519,op_change,0,to_home,48,0,-0.4686865,21.74544,-10.45525,-0.0004545681,78.71126,-0.5229263,575.9999,-4.711302,546.9855,01/07/2024,11:20:30,,01/07/2024,11:30:03,
19640,op_change,0,to_home,48,0,-0.4686865,21.74544,-10.45514,-0.0007247237,78.71111,-0.5230376,575.9997,-4.711601,546.9863,01/07/2024,11:20:30,,01/07/2024,11:30:03,
19761,op_change,0,to_home,48,0,-0.4686865,21.74544,-10.45525,-0.0004545681,78.71126,-0.523097,575.9997,-4.712358,546.9863,01/07/2024,11:20:31,,01/07/2024,11:30:04,
19882,op_change,0,to_home,48,0,-0.4686865,21.74544,-10.45525,-0.0007247237,78.71127,-0.5231161,575.9996,-4.7113,546.9863,01/07/2024,11:20:31,,01/07/2024,11:30:04,
20003,op_change,0,to_home,48,0,-0.4686865,21.74544,-10.45525,-0.0007247237,78.71111,-0.5228668,575.9997,-4.712659,546.9863,01/07/2024,11:20:31,,01/07/2024,11:30:04,
20124,op_change,0,to_home,48,0,-0.4685813,21.74544,-10.45536,-0.0007247237,78.71111,-0.5228668,576,-4.712661,546.9871,01/07/2024,11:20:31,,01/07/2024,11:30:04,
20245,op_change,0,to_home,48,0,-0.4685813,21.74544,-10.45525,-0.0004545681,78.71126,-0.5229263,575.9998,-4.7113,546.9863,01/07/2024,11:20:31,,01/07/2024,11:30:04,
20364,op_change,0,to_home,48,0,-0.4685813,21.74544,-10.45525,-0.0007247237,78.71127,-0.5231161,575.9997,-4.712358,546.9863,01/07/2024,11:20:31,,01/07/2024,11:30:04,
20485,op_change,0,to_home,48,0,-0.4686865,21.74544,-10.45514,-0.0007247237,78.71127,-0.5231161,575.9997,-4.712358,546.9863,01/07/2024,11:20:31,,01/07/2024,11:30:04,
20606,op_change,0,to_home,48,0,-0.4685813,21.74544,-10.45525,-0.0004545681,78.71126,-0.5229263,576,-4.711603,546.9871,01/07/2024,11:20:31,,01/07/2024,11:30:04,
20728,op_change,0,to_home,48,0,-0.4685813,21.74544,-10.45525,-0.0007247237,78.71111,-0.5228668,575.9995,-4.712657,546.9857,01/07/2024,11:20:32,,01/07/2024,11:30:05,
20850,op_change,0,to_home,48,0,-0.4685813,21.74544,-10.45525,-0.0004545681,78.7111,-0.5230185,575.9995,-4.712657,546.9863,01/07/2024,11:20:32,,01/07/2024,11:30:05,
20969,op_change,0,to_home,48,0,-0.4686865,21.74554,-10.45525,-0.0007247237,78.71127,-0.5229454,575.9995,-4.711299,546.9857,01/07/2024,11:20:32,,01/07/2024,11:30:05,
21091,op_change,0,to_home,48,0,-0.4686865,21.74544,-10.45525,-0.0004545681,78.7111,-0.5228477,575.9995,-4.711599,546.9863,01/07/2024,11:20:32,,01/07/2024,11:30:05,
21213,op_change,0,to_home,48,0,-0.4685813,21.74544,-10.45536,-0.0007247237,78.71111,-0.5230376,575.9995,-4.711599,546.9863,01/07/2024,11:20:32,,01/07/2024,11:30:05,
21334,op_change,0,to_home,48,0,-0.4686865,21.74554,-10.45525,-0.0004545681,78.71126,-0.523097,575.9997,-4.711601,546.9863,01/07/2024,11:20:32,,01/07/2024,11:30:05,
21455,op_change,0,to_home,48,0,-0.4686865,21.74554,-10.45536,-0.0004545681,78.7111,-0.5228477,575.9998,-4.712359,546.9871,01/07/2024,11:20:32,,01/07/2024,11:30:05,
21577,op_change,0,to_home,48,0,-0.4686865,21.74544,-10.45525,-0.0007247237,78.71127,-0.5229454,575.9995,-4.712657,546.9857,01/07/2024,11:20:32,,01/07/2024,11:30:05,
21696,op_change,0,to_home,48,0,-0.4686865,21.74544,-10.45536,-0.0004545681,78.71126,-0.5229263,575.9993,-4.713413,546.9857,01/07/2024,11:20:32,,01/07/2024,11:30:06,
21818,op_change,0,to_home,48,0,-0.4685813,21.74544,-10.45525,-0.0004545681,78.7111,-0.5230185,576,-4.711303,546.9871,01/07/2024,11:20:33,,01/07/2024,11:30:06,
21938,op_change,0,to_home,48,0,-0.4686865,21.74544,-10.45525,-0.0004545681,78.71126,-0.5229263,575.9993,-4.711598,546.9857,01/07/2024,11:20:33,,01/07/2024,11:30:06,
22061,op_change,0,to_home,48,0,-0.4686865,21.74544,-10.45525,-0.0007247237,78.71127,-0.5228566,575.9998,-4.7113,546.9863,01/07/2024,11:20:33,,01/07/2024,11:30:06,
22180,op_change,0,to_home,48,0,-0.4685813,21.74544,-10.45536,-0.0007247237,78.71111,-0.5228668,575.9997,-4.712358,546.9863,01/07/2024,11:20:33,,01/07/2024,11:30:06,
22303,op_change,0,to_home,48,0,-0.4686865,21.74544,-10.45514,-0.0007247237,78.71127,-0.5229454,575.9998,-4.7113,546.9863,01/07/2024,11:20:33,,01/07/2024,11:30:06,
22422,op_change,0,to_home,48,0,-0.4686865,21.74544,-10.45525,-0.0007247237,78.71111,-0.5230376,575.9995,-4.712357,546.9863,01/07/2024,11:20:33,,01/07/2024,11:30:06,
22540,op_change,0,to_home,48,0,-0.4686865,21.74533,-10.45514,-0.0004545681,78.71126,-0.5229263,575.9995,-4.711299,546.9881,01/07/2024,11:20:33,,01/07/2024,11:30:06,
22664,op_change,0,to_home,48,0,-0.4687918,21.74544,-10.45525,-0.0007247237,78.71111,-0.5228668,575.9995,-4.712357,546.9863,01/07/2024,11:20:33,,01/07/2024,11:30:06,
22785,op_change,0,to_home,48,0,-0.4685813,21.74544,-10.45525,-0.0004545681,78.71126,-0.523097,575.9995,-4.712657,546.9857,01/07/2024,11:20:34,,01/07/2024,11:30:07,
22906,op_change,0,to_home,48,0,-0.4686865,21.74544,-10.45525,-0.0004545681,78.7111,-0.5230185,575.9995,-4.711071,546.9863,01/07/2024,11:20:34,,01/07/2024,11:30:07,
23027,op_change,0,to_home,48,0,-0.4686865,21.74544,-10.45525,-0.0004545681,78.7111,-0.5228477,575.9997,-4.712659,546.9863,01/07/2024,11:20:34,,01/07/2024,11:30:07,
23146,op_change,0,to_home,48,0,-0.4686865,21.74544,-10.45525,-0.0004545681,78.71126,-0.5229263,575.9995,-4.712357,546.9863,01/07/2024,11:20:34,,01/07/2024,11:30:07,
23270,op_change,0,to_home,48,0,-0.4685813,21.74544,-10.45525,-0.0004545681,78.7111,-0.5228477,575.999,-4.712654,546.9866,01/07/2024,11:20:34,,01/07/2024,11:30:07,
23390,op_change,0,to_home,48,0,-0.4686865,21.74544,-10.45525,-0.0007247237,78.71111,-0.5228668,575.9997,-4.712659,546.9863,01/07/2024,11:20:34,,01/07/2024,11:30:07,
23513,op_change,0,to_home,48,0,-0.4686865,21.74533,-10.45514,-0.0007247237,78.71127,-0.5229454,575.9993,-4.712355,546.9857,01/07/2024,11:20:34,,01/07/2024,11:30:07,
23634,op_change,0,to_home,48,0,-0.4685813,21.74544,-10.45536,-0.0004545681,78.71126,-0.5229263,575.9995,-4.711599,546.9863,01/07/2024,11:20:34,,01/07/2024,11:30:07,
23753,op_change,0,to_home,48,0,-0.4686865,21.74544,-10.45525,-0.0007247237,78.71111,-0.5230376,575.9995,-4.712657,546.9863,01/07/2024,11:20:35,,01/07/2024,11:30:08,
23874,op_change,0,to_home,48,0,-0.4686865,21.74554,-10.45514,-0.0004545681,78.71126,-0.523097,575.9995,-4.712657,546.9863,01/07/2024,11:20:35,,01/07/2024,11:30:08,
23994,op_change,0,to_home,48,0,-0.4685813,21.74544,-10.45525,-0.0004545681,78.71126,-0.5229263,575.9995,-4.712657,546.9863,01/07/2024,11:20:35,,01/07/2024,11:30:08,
24116,op_change,0,to_home,48,0,-0.4686865,21.74544,-10.45536,-0.0004545681,78.71126,-0.523097,575.9996,-4.7113,546.9863,01/07/2024,11:20:35,,01/07/2024,11:30:08,
24239,op_change,0,to_home,48,0,-0.4686865,21.74544,-10.45525,-0.0007247237,78.71127,-0.5229454,575.9997,-4.712358,546.9863,01/07/2024,11:20:35,,01/07/2024,11:30:08,
24358,op_change,0,to_home,48,0,-0.4686865,21.74544,-10.45525,-0.0004545681,78.71126,-0.523097,575.9998,-4.7113,546.9863,01/07/2024,11:20:35,,01/07/2024,11:30:08,
24478,op_change,0,to_home,48,0,-0.4685813,21.74544,-10.45514,-0.0004545681,78.71126,-0.5229263,575.9995,-4.712657,546.9863,01/07/2024,11:20:35,,01/07/2024,11:30:08,
24601,op_change,0,to_home,48,0,-0.4686865,21.74544,-10.45514,-0.0004545681,78.71126,-0.523097,575.9995,-4.712657,546.9863,01/07/2024,11:20:35,,01/07/2024,11:30:08,
24719,op_change,0,to_home,48,0,-0.4685813,21.74544,-10.45525,-0.0004545681,78.7111,-0.5228477,576,-4.711603,546.9871,01/07/2024,11:20:35,,01/07/2024,11:30:09,
24841,op_change,0,to_home,48,0,-0.4685813,21.74544,-10.45525,-0.0007247237,78.71111,-0.5230376,575.9997,-4.711601,546.9863,01/07/2024,11:20:36,,01/07/2024,11:30:09,
24962,op_change,0,to_home,48,0,-0.4685813,21.74544,-10.45525,-0.0007247237,78.71111,-0.5228668,575.9995,-4.712357,546.9863,01/07/2024,11:20:36,,01/07/2024,11:30:09,
25085,op_change,0,to_home,48,0,-0.4685813,21.74544,-10.45536,-0.0007247237,78.71111,-0.5230376,575.9996,-4.7113,546.9863,01/07/2024,11:20:36,,01/07/2024,11:30:09,
25206,op_change,0,to_home,48,0,-0.4686865,21.74544,-10.45525,-0.0007247237,78.71127,-0.5231161,575.9995,-4.711599,546.9863,01/07/2024,11:20:36,,01/07/2024,11:30:09,
25328,op_change,0,to_home,48,0,-0.4685813,21.74544,-10.45525,-0.0004545681,78.71126,-0.5229263,575.9997,-4.712659,546.9863,01/07/2024,11:20:36,,01/07/2024,11:30:09,
25446,op_change,0,to_home,48,0,-0.4685813,21.74544,-10.45536,-0.0007247237,78.71127,-0.5229454,575.9995,-4.712657,546.9863,01/07/2024,11:20:36,,01/07/2024,11:30:09,
25567,op_change,0,to_home,48,0,-0.4686865,21.74544,-10.45536,-0.0004545681,78.7111,-0.5228477,575.9999,-4.71236,546.9855,01/07/2024,11:20:36,,01/07/2024,11:30:09,
25688,op_change,0,to_home,48,0,-0.4686865,21.74544,-10.45525,-0.0004545681,78.71126,-0.5229263,575.9998,-4.7113,546.9863,01/07/2024,11:20:36,,01/07/2024,11:30:10,
25809,op_change,0,to_home,48,0,-0.4685813,21.74544,-10.45525,-0.0007247237,78.71111,-0.5228668,575.9997,-4.712659,546.9863,01/07/2024,11:20:37,,01/07/2024,11:30:10,
25932,op_change,0,to_home,48,0,-0.4685813,21.74544,-10.45514,-0.0007247237,78.71127,-0.5229454,576.0001,-4.711304,546.9855,01/07/2024,11:20:37,,01/07/2024,11:30:10,
26051,op_change,0,to_home,48,0,-0.4686865,21.74544,-10.45525,-0.0004545681,78.71126,-0.5229263,575.9995,-4.712657,546.9857,01/07/2024,11:20:37,,01/07/2024,11:30:10,
26174,op_change,0,to_home,48,0,-0.4686865,21.74544,-10.45525,-0.0007247237,78.71111,-0.5228668,575.9999,-4.711603,546.9855,01/07/2024,11:20:37,,01/07/2024,11:30:10,
26294,op_change,0,to_home,48,0,-0.4686865,21.74544,-10.45525,-0.0007247237,78.71127,-0.5229454,575.9997,-4.712659,546.9863,01/07/2024,11:20:37,,01/07/2024,11:30:10,
26414,op_change,0,to_home,48,0,-0.4686865,21.74544,-10.45514,-0.0007247237,78.71111,-0.5228668,575.9996,-4.7113,546.9863,01/07/2024,11:20:37,,01/07/2024,11:30:10,
26537,op_change,0,to_home,48,0,-0.4686865,21.74544,-10.45525,-0.0007247237,78.71127,-0.5231161,575.9995,-4.711599,546.9863,01/07/2024,11:20:37,,01/07/2024,11:30:10,
26656,op_change,0,to_home,48,0,-0.4685813,21.74544,-10.45525,-0.0007247237,78.71127,-0.5229454,575.9997,-4.711601,546.9863,01/07/2024,11:20:37,,01/07/2024,11:30:10,
26777,op_change,0,to_home,48,0,-0.4686865,21.74544,-10.45525,-0.0007247237,78.71127,-0.5229454,575.9998,-4.7113,546.9863,01/07/2024,11:20:38,,01/07/2024,11:30:11,
26896,op_change,0,to_home,48,0,-0.4686865,21.74544,-10.45525,-0.0007247237,78.71127,-0.5231161,576,-4.711303,546.9871,01/07/2024,11:20:38,,01/07/2024,11:30:11,
27018,op_change,0,to_home,48,0,-0.4686865,21.74554,-10.45525,-0.0004545681,78.7111,-0.5228477,575.9997,-4.711601,546.9863,01/07/2024,11:20:38,,01/07/2024,11:30:11,
27137,op_change,0,to_home,48,0,-0.4685813,21.74544,-10.45525,-0.0004545681,78.71126,-0.5229263,575.9999,-4.71266,546.9855,01/07/2024,11:20:38,,01/07/2024,11:30:11,
27258,op_change,0,to_home,48,0,-0.4685813,21.74544,-10.45525,-0.0004545681,78.7111,-0.5228477,575.9998,-4.711301,546.9871,01/07/2024,11:20:38,,01/07/2024,11:30:11,
27379,op_change,0,to_home,48,0,-0.4686865,21.74544,-10.45514,-0.0007247237,78.71111,-0.5228668,575.9996,-4.7113,546.9863,01/07/2024,11:20:38,,01/07/2024,11:30:11,
27507,op_change,0,to_home,48,0,-0.4685813,21.74544,-10.45525,-0.0004545681,78.7111,-0.5228477,575.9997,-4.711601,546.9863,01/07/2024,11:20:38,,01/07/2024,11:30:11,
27623,op_change,0,to_home,48,0,-0.4686865,21.74533,-10.45514,-0.0007247237,78.71111,-0.5230376,575.9995,-4.712357,546.9863,01/07/2024,11:20:38,,01/07/2024,11:30:11,
27743,op_change,0,to_home,48,0,-0.4686865,21.74544,-10.45525,-0.0004545681,78.7111,-0.5228477,575.9996,-4.712357,546.9857,01/07/2024,11:20:39,,01/07/2024,11:30:12,
27865,op_change,0,to_home,48,0,-0.4686865,21.74544,-10.45525,-0.0007247237,78.71111,-0.5228668,575.9997,-4.712659,546.9863,01/07/2024,11:20:39,,01/07/2024,11:30:12,
27986,op_change,0,to_home,48,0,-0.4686865,21.74533,-10.45514,-0.0004545681,78.7111,-0.5228477,575.9993,-4.712656,546.9874,01/07/2024,11:20:39,,01/07/2024,11:30:12,
28108,op_change,0,to_home,48,0,-0.4686865,21.74544,-10.45525,-0.0007247237,78.71111,-0.5228668,575.9995,-4.712657,546.9857,01/07/2024,11:20:39,,01/07/2024,11:30:12,
28228,op_change,0,to_home,48,0,-0.4685813,21.74533,-10.45525,-0.0007247237,78.71127,-0.5231161,575.9997,-4.712358,546.9863,01/07/2024,11:20:39,,01/07/2024,11:30:12,
28349,op_change,0,to_home,48,0,-0.4685287,21.74544,-10.45514,-0.0007247237,78.71127,-0.5229454,575.9998,-4.7113,546.9863,01/07/2024,11:20:39,,01/07/2024,11:30:12,
28468,op_change,0,to_home,48,0,-0.4686865,21.74544,-10.45525,-0.0007247237,78.71127,-0.5231161,575.9998,-4.712359,546.9871,01/07/2024,11:20:39,,01/07/2024,11:30:12,
28591,op_change,0,to_home,48,0,-0.4685813,21.74544,-10.45525,-0.0004545681,78.7111,-0.5228477,575.9995,-4.712657,546.9863,01/07/2024,11:20:39,,01/07/2024,11:30:12,
28710,op_change,0,to_home,48,0,-0.4685813,21.74544,-10.45525,-0.0007247237,78.71127,-0.5231161,575.9995,-4.712357,546.9863,01/07/2024,11:20:39,,01/07/2024,11:30:13,
28832,op_change,0,to_home,48,0,-0.4686865,21.74544,-10.45514,-0.0004545681,78.7111,-0.5228477,576.0002,-4.712663,546.9861,01/07/2024,11:20:40,,01/07/2024,11:30:13,
28954,op_change,0,to_home,48,0,-0.4686865,21.74544,-10.45525,-0.0007247237,78.71127,-0.5229454,575.9995,-4.712357,546.9863,01/07/2024,11:20:40,,01/07/2024,11:30:13,
29075,op_change,0,to_home,48,0,-0.4686865,21.74544,-10.45525,-0.0007247237,78.71111,-0.5230376,576.0001,-4.711304,546.9855,01/07/2024,11:20:40,,01/07/2024,11:30:13,
29194,op_change,0,to_home,48,0,-0.4686865,21.74544,-10.45525,-0.0004545681,78.7111,-0.5230185,576,-4.712361,546.9871,01/07/2024,11:20:40,,01/07/2024,11:30:13,
29317,op_change,0,to_home,48,0,-0.4686865,21.74544,-10.45536,-0.0004545681,78.71126,-0.523097,575.9997,-4.712659,546.9863,01/07/2024,11:20:40,,01/07/2024,11:30:13,
29436,op_change,0,to_home,48,0,-0.4686865,21.74554,-10.45525,-0.0007247237,78.71111,-0.5228668,575.9997,-4.712659,546.9863,01/07/2024,11:20:40,,01/07/2024,11:30:13,
29559,op_change,0,to_home,48,0,-0.4686865,21.74544,-10.45525,-0.0007247237,78.71111,-0.5228668,575.9997,-4.711601,546.9863,01/07/2024,11:20:40,,01/07/2024,11:30:13,
29680,op_change,0,to_home,48,0,-0.4686865,21.74544,-10.45525,-0.0004545681,78.7111,-0.5228477,575.9997,-4.711601,546.9863,01/07/2024,11:20:40,,01/07/2024,11:30:14,
29801,op_change,0,to_home,48,0,-0.4686865,21.74554,-10.45525,-0.0004545681,78.71126,-0.523097,575.9997,-4.712358,546.9863,01/07/2024,11:20:41,,01/07/2024,11:30:14,
29922,op_change,0,to_home,48,0,-0.4685813,21.74544,-10.45525,-0.0004545681,78.7111,-0.5228477,575.9997,-4.711601,546.9863,01/07/2024,11:20:41,,01/07/2024,11:30:14,
30044,op_change,0,to_home,48,0,-0.4686865,21.74544,-10.45536,-0.0007247237,78.71111,-0.5228668,576.0002,-4.712663,546.9861,01/07/2024,11:20:41,,01/07/2024,11:30:14,
30164,op_change,0,to_home,48,0,-0.4686865,21.74544,-10.45525,-0.0007247237,78.71127,-0.5231161,575.9999,-4.713719,546.9855,01/07/2024,11:20:41,,01/07/2024,11:30:14,
30283,op_change,0,to_home,48,0,-0.4686865,21.74544,-10.45525,-0.0004545681,78.7111,-0.5230185,575.9995,-4.712357,546.9863,01/07/2024,11:20:41,,01/07/2024,11:30:14,
30406,op_change,0,to_home,48,0,-0.4685813,21.74544,-10.45525,-0.0007247237,78.71111,-0.5230376,575.9997,-4.711601,546.9863,01/07/2024,11:20:41,,01/07/2024,11:30:14,
30527,op_change,0,to_home,48,0,-0.4685813,21.74544,-10.45514,-0.0007247237,78.71127,-0.5229454,575.9996,-4.712358,546.9881,01/07/2024,11:20:41,,01/07/2024,11:30:14,
30648,op_change,0,to_home,48,0,-0.4686865,21.74544,-10.45525,-0.0007247237,78.71111,-0.5228668,575.9995,-4.711299,546.9857,01/07/2024,11:20:41,,01/07/2024,11:30:14,
30768,op_change,0,to_home,48,0,-0.4686865,21.74544,-10.45525,-0.0004545681,78.71126,-0.523097,575.9995,-4.712357,546.9863,01/07/2024,11:20:42,,01/07/2024,11:30:15,
30889,op_change,0,to_home,48,0,-0.4686865,21.74544,-10.45525,-0.0004545681,78.7111,-0.522759,575.9997,-4.711601,546.9863,01/07/2024,11:20:42,,01/07/2024,11:30:15,
31011,op_change,0,to_home,48,0,-0.4686865,21.74544,-10.45525,-0.0004545681,78.7111,-0.5228477,575.9997,-4.712659,546.9863,01/07/2024,11:20:42,,01/07/2024,11:30:15,
31131,op_change,0,to_home,48,0,-0.4685813,21.74544,-10.45525,-0.0007247237,78.71127,-0.5231161,575.9997,-4.712358,546.9863,01/07/2024,11:20:42,,01/07/2024,11:30:15,
31252,op_change,0,to_home,48,0,-0.4686865,21.74544,-10.45525,-0.0004545681,78.71126,-0.5229263,575.9997,-4.712358,546.9863,01/07/2024,11:20:42,,01/07/2024,11:30:15,
31372,op_change,0,to_home,48,0,-0.4686865,21.74544,-10.45525,-0.0007247237,78.71127,-0.5231161,576,-4.712661,546.9871,01/07/2024,11:20:42,,01/07/2024,11:30:15,
31495,op_change,0,to_home,48,0,-0.4686865,21.74544,-10.45514,-0.0007247237,78.71111,-0.5228668,575.9998,-4.7113,546.9863,01/07/2024,11:20:42,,01/07/2024,11:30:15,
31618,op_change,0,to_home,48,0,-0.4685813,21.74544,-10.45514,-0.0007247237,78.71111,-0.5228668,575.9995,-4.712357,546.9863,01/07/2024,11:20:42,,01/07/2024,11:30:15,
31736,op_change,0,to_home,48,0,-0.4686865,21.74544,-10.45525,-0.0007247237,78.71111,-0.5228668,576.0001,-4.712361,546.9855,01/07/2024,11:20:43,,01/07/2024,11:30:16,
31857,op_change,0,to_home,48,0,-0.4685813,21.74544,-10.45525,-0.0007247237,78.71127,-0.5231161,575.9995,-4.712357,546.9863,01/07/2024,11:20:43,,01/07/2024,11:30:16,
31978,op_change,0,to_home,48,0,-0.4686865,21.74544,-10.45525,-0.0007247237,78.71111,-0.5228668,575.9997,-4.711601,546.9863,01/07/2024,11:20:43,,01/07/2024,11:30:16,
32098,op_change,0,to_home,48,0,-0.4685813,21.74544,-10.45536,-0.0007247237,78.71127,-0.5229454,575.9998,-4.7113,546.9863,01/07/2024,11:20:43,,01/07/2024,11:30:16,
32224,op_change,0,to_home,48,0,-0.4685813,21.74544,-10.45525,-0.0004545681,78.7111,-0.5228477,575.9997,-4.711601,546.9863,01/07/2024,11:20:43,,01/07/2024,11:30:16,
32341,op_change,0,to_home,48,0,-0.4686865,21.74544,-10.45536,-0.0004545681,78.71126,-0.5229263,575.9995,-4.712357,546.9863,01/07/2024,11:20:43,,01/07/2024,11:30:16,
32464,op_change,0,to_home,48,0,-0.4685813,21.74544,-10.45525,-0.0007247237,78.71127,-0.5231161,575.9997,-4.712358,546.9863,01/07/2024,11:20:43,,01/07/2024,11:30:16,
32584,op_change,0,to_home,48,0,-0.4686865,21.74544,-10.45525,-0.0004545681,78.71126,-0.523097,575.9997,-4.711601,546.9863,01/07/2024,11:20:43,,01/07/2024,11:30:16,
32707,op_change,0,to_home,48,0,-0.4686865,21.74544,-10.45525,-0.0007247237,78.71111,-0.5228668,575.9997,-4.712659,546.9863,01/07/2024,11:20:43,,01/07/2024,11:30:17,
32824,op_change,0,to_home,48,0,-0.4686865,21.74544,-10.45525,-0.0007247237,78.71111,-0.5230376,575.9998,-4.7113,546.9863,01/07/2024,11:20:44,,01/07/2024,11:30:17,
32945,op_change,0,to_home,48,0,-0.4685813,21.74544,-10.45514,-0.0007247237,78.71111,-0.5228668,575.9993,-4.711598,546.9857,01/07/2024,11:20:44,,01/07/2024,11:30:17,
33066,op_change,0,to_home,48,0,-0.4686865,21.74544,-10.45514,-0.0007247237,78.71111,-0.5230376,575.9997,-4.713717,546.9863,01/07/2024,11:20:44,,01/07/2024,11:30:17,
33185,op_change,0,to_home,48,0,-0.4686865,21.74544,-10.45514,-0.0004545681,78.7111,-0.5228477,575.9998,-4.7113,546.9863,01/07/2024,11:20:44,,01/07/2024,11:30:17,
33309,op_change,0,to_home,48,0,-0.4686865,21.74544,-10.45525,-0.0007247237,78.71111,-0.5228668,575.9996,-4.7113,546.9863,01/07/2024,11:20:44,,01/07/2024,11:30:17,
33429,op_change,0,to_home,48,0,-0.4685813,21.74533,-10.45525,-0.0007247237,78.71111,-0.5228668,575.9995,-4.712357,546.9863,01/07/2024,11:20:44,,01/07/2024,11:30:17,
33551,op_change,0,to_home,48,0,-0.4685813,21.74554,-10.45525,-0.0004545681,78.71126,-0.523097,575.9996,-4.7113,546.9863,01/07/2024,11:20:44,,01/07/2024,11:30:17,
33672,op_change,0,to_home,48,0,-0.4685813,21.74554,-10.45525,-0.0004545681,78.7111,-0.5230185,575.9997,-4.712358,546.9863,01/07/2024,11:20:44,,01/07/2024,11:30:17,
33795,op_change,0,to_home,0,0,-0.4686865,21.74544,-10.45536,-0.0004545681,78.7111,-0.5228477,575.9995,-4.711599,546.9863,01/07/2024,11:20:45,,01/07/2024,11:30:18,
33988,op_change,0,,0,0,-0.4685813,21.74544,-10.45525,-0.0007247237,78.71111,-0.5230376,575.9998,-4.7113,546.9863,01/07/2024,11:20:45,,01/07/2024,11:30:18,
34115,op_change,0,,0,0,-0.4685813,21.74544,-10.45536,-0.0007247237,78.71127,-0.5229454,575.9995,-4.712357,546.9863,01/07/2024,11:20:45,,01/07/2024,11:30:18,
34230,op_change,0,,0,0,-0.4685813,21.74544,-10.45525,-0.0007247237,78.71127,-0.5231161,575.9997,-4.712659,546.9863,01/07/2024,11:20:45,,01/07/2024,11:30:18,
34350,op_change,0,,0,0,-0.4686865,21.74544,-10.45525,-0.0004545681,78.7111,-0.5228477,576.0001,-4.712361,546.9855,01/07/2024,11:20:45,,01/07/2024,11:30:18,
34470,op_change,0,,0,0,-0.4686865,21.74544,-10.45525,-0.0004545681,78.7111,-0.5230185,575.9995,-4.712357,546.9863,01/07/2024,11:20:45,,01/07/2024,11:30:18,
34591,op_change,0,,0,0,-0.4685813,21.74544,-10.45525,-0.0004545681,78.7111,-0.5228477,575.9995,-4.711599,546.9863,01/07/2024,11:20:45,,01/07/2024,11:30:18,
34710,op_change,0,,0,0,-0.4685813,21.74544,-10.45536,-0.0004545681,78.71126,-0.523097,575.9998,-4.711301,546.9871,01/07/2024,11:20:45,,01/07/2024,11:30:19,
34832,op_change,0,,0,0,-0.4686865,21.74544,-10.45525,-0.0007247237,78.71127,-0.5229454,575.9997,-4.713717,546.9863,01/07/2024,11:20:46,,01/07/2024,11:30:19,
34951,op_change,0,,0,0,-0.4685813,21.74544,-10.45525,-0.0004545681,78.71126,-0.5229263,575.9995,-4.712657,546.9863,01/07/2024,11:20:46,,01/07/2024,11:30:19,
35074,op_change,0,,0,0,-0.4685813,21.74544,-10.45525,-0.0007247237,78.71127,-0.5229454,575.9995,-4.712657,546.9857,01/07/2024,11:20:46,,01/07/2024,11:30:19,
35196,op_change,0,,0,0,-0.4685813,21.74544,-10.45536,-0.0004545681,78.71126,-0.5229263,576,-4.711303,546.9871,01/07/2024,11:20:46,,01/07/2024,11:30:19,
35317,op_change,0,,0,0,-0.4685813,21.74544,-10.45514,-0.0004545681,78.71126,-0.523097,575.9995,-4.711299,546.9857,01/07/2024,11:20:46,,01/07/2024,11:30:19,
35437,op_change,0,,0,0,-0.4686865,21.74544,-10.45514,-0.0004545681,78.71126,-0.523097,575.9996,-4.7113,546.9863,01/07/2024,11:20:46,,01/07/2024,11:30:19,
35561,op_change,0,,0,0,-0.4685813,21.74544,-10.45525,-0.0004545681,78.71126,-0.5229263,575.9993,-4.712356,546.9874,01/07/2024,11:20:46,,01/07/2024,11:30:19,
35680,op_change,0,,0,0,-0.4686865,21.74544,-10.45542,-0.0004545681,78.7111,-0.5228477,576,-4.711303,546.9871,01/07/2024,11:20:46,,01/07/2024,11:30:20,
35803,op_change,0,,0,0,-0.4687918,21.74544,-10.45514,-0.0007247237,78.71111,-0.5228668,576,-4.712361,546.9871,01/07/2024,11:20:47,,01/07/2024,11:30:20,
35926,op_change,0,,0,0,-0.4685813,21.74544,-10.45525,-0.0004545681,78.7111,-0.5228477,575.9997,-4.712659,546.9863,01/07/2024,11:20:47,,01/07/2024,11:30:20,
35996,op_change,0,,0,0,-0.4686865,21.74544,-10.45536,-0.0007247237,78.71127,-0.5229454,575.9993,-4.711598,546.9857,01/07/2024,11:20:47,,01/07/2024,11:30:20,
36134,op_change,0,,0,0,-0.4686865,21.74544,-10.45536,-0.0007247237,78.71127,-0.5231161,575.9997,-4.711601,546.9863,01/07/2024,11:20:47,,01/07/2024,11:30:20,
36260,op_change,0,,0,0,-0.4686865,21.74544,-10.45525,-0.0007247237,78.71127,-0.5231161,575.9997,-4.712358,546.9863,01/07/2024,11:20:47,,01/07/2024,11:30:20,
36379,op_change,0,,0,0,-0.4686865,21.74544,-10.45525,-0.0007247237,78.71111,-0.5228668,575.9996,-4.7113,546.9863,01/07/2024,11:20:47,,01/07/2024,11:30:20,
36504,op_change,0,,0,0,-0.4685813,21.74544,-10.45525,-0.0007247237,78.71127,-0.5231161,575.9998,-4.710772,546.9863,01/07/2024,11:20:47,,01/07/2024,11:30:20,
36942,op_change,0,,0,0,-0.4685287,21.74544,-10.45536,-0.0002744643,78.71101,-0.5227064,575.9998,-4.711102,546.9863,01/07/2024,11:20:48,,01/07/2024,11:30:21,
37059,op_change,1,,0,0,-0.4688444,21.73965,-10.45062,-0.0002744643,78.70862,-0.522884,574.4286,-4.719577,546.9217,01/07/2024,11:20:48,,01/07/2024,11:30:21,
37175,op_change,1,,0,0,-0.4720009,20.91344,-9.347295,0.0008962099,78.42931,-0.5229947,568.5665,-4.694651,547.0639,01/07/2024,11:20:48,,01/07/2024,11:30:21,
37346,op_change,1,to_T_appro_prindere,0,0,-0.4782087,19.41041,-7.32071,-4.31E-06,77.91347,-0.5341073,560.999,-4.680112,547.0135,01/07/2024,11:20:48,,01/07/2024,11:30:21,
37475,op_change,0,to_T_appro_prindere,0,50.00005,-0.4670556,19.38116,-7.27834,-0.0002744643,77.90187,-0.5260873,560.9491,-3.053578,546.035,01/07/2024,11:20:48,,01/07/2024,11:30:21,
37597,op_change,0,to_T_appro_prindere,0,50.00004,0.01746816,19.45513,-6.963642,-0.0004545681,77.50871,-0.03700955,560.885,2.267588,543.0513,01/07/2024,11:20:48,,01/07/2024,11:30:21,
37718,op_change,0,to_T_appro_prindere,0,50.00004,0.5580726,19.54967,-6.633512,-0.0009048274,77.08273,0.5047815,560.795,7.634381,540.1096,01/07/2024,11:20:48,,01/07/2024,11:30:22,
37845,op_change,0,to_T_appro_prindere,0,50.00003,1.101518,19.65783,-6.316416,-0.001355087,76.66187,1.043574,560.7007,13.07263,537.0695,01/07/2024,11:20:49,,01/07/2024,11:30:22,
37962,op_change,0,to_T_appro_prindere,0,50.00003,1.66306,19.77773,-6.004446,-0.0007247237,76.22663,1.603859,560.6237,18.32859,534.1226,01/07/2024,11:20:49,,01/07/2024,11:30:22,
38082,op_change,0,to_T_appro_prindere,0,50.00003,2.200877,19.90588,-5.717122,0.000175795,75.8122,2.143796,560.5294,23.60912,531.165,01/07/2024,11:20:49,,01/07/2024,11:30:22,
38203,op_change,0,to_T_appro_prindere,0,50.00003,2.736168,20.04566,-5.443595,0.0008962099,75.40092,2.680262,560.4536,28.90694,528.1881,01/07/2024,11:20:49,,01/07/2024,11:30:22,
38326,op_change,0,to_T_appro_prindere,0,50.00003,3.273984,20.1967,-5.18272,0.001346469,74.98827,3.221349,560.3564,34.18596,525.2534,01/07/2024,11:20:49,,01/07/2024,11:30:22,
38445,op_change,0,to_T_appro_prindere,0,50.00002,3.813747,20.35584,-4.937276,0.0004459506,74.58209,3.760507,560.2763,39.46526,522.2976,01/07/2024,11:20:49,,01/07/2024,11:30:22,
38566,op_change,0,to_T_appro_prindere,0,50.00002,4.353509,20.52756,-4.705629,-0.0004545681,74.18048,4.297729,560.1801,44.76439,519.3511,01/07/2024,11:20:49,,01/07/2024,11:30:22,
38688,op_change,0,to_T_appro_prindere,0,50.00002,4.888274,20.70779,-4.488488,-0.0009048274,73.77917,4.835675,560.0943,50.03194,516.4009,01/07/2024,11:20:49,,01/07/2024,11:30:23,
38808,op_change,0,to_T_appro_prindere,0,50.00002,5.423723,20.89944,-4.284815,-0.0004545681,73.38456,5.372723,560.0039,55.3067,513.463,01/07/2024,11:20:50,,01/07/2024,11:30:23,
38929,op_change,0,to_T_appro_prindere,0,50.00002,5.958488,21.10425,-4.094012,-4.31E-06,72.99153,5.907427,559.9199,60.57324,510.4969,01/07/2024,11:20:50,,01/07/2024,11:30:23,
39050,op_change,0,to_T_appro_prindere,0,50.00002,6.495305,21.31784,-3.918204,0.000175795,72.60149,6.441314,559.8301,65.85198,507.5527,01/07/2024,11:20:50,,01/07/2024,11:30:23,
39171,op_change,0,to_T_appro_prindere,0,50.00002,7.02928,21.53927,-3.756629,-0.0004545681,72.21733,6.975491,559.7501,71.14182,504.606,01/07/2024,11:20:50,,01/07/2024,11:30:23,
39294,op_change,0,to_T_appro_prindere,0,50.00002,7.562362,21.77538,-3.608033,-0.001174983,71.83599,7.506789,559.6561,76.41737,501.6588,01/07/2024,11:20:50,,01/07/2024,11:30:23,
39413,op_change,0,to_T_appro_prindere,0,50.00002,8.093286,22.02,-3.47465,-0.001625242,71.45583,8.041118,559.5656,81.67603,498.7096,01/07/2024,11:20:50,,01/07/2024,11:30:23,
39536,op_change,0,to_T_appro_prindere,0,50.00002,8.62521,22.27347,-3.354573,-0.001625242,71.08293,8.570372,559.493,86.964,495.7443,01/07/2024,11:20:50,,01/07/2024,11:30:23,
39655,op_change,0,to_T_appro_prindere,0,50.00002,9.155503,22.53704,-3.248184,-0.0007247237,70.71601,9.0984,559.3973,92.24701,492.8024,01/07/2024,11:20:50,,01/07/2024,11:30:23,
39777,op_change,0,to_T_appro_prindere,0,50.00002,9.681062,22.81039,-3.157226,-0.0002744643,70.34622,9.628952,559.3168,97.5229,489.8506,01/07/2024,11:20:51,,01/07/2024,11:30:24,
39897,op_change,0,to_T_appro_prindere,0,50.00002,10.20683,23.09458,-3.078702,-4.31E-06,69.98533,10.15497,559.2189,102.8095,486.9133,01/07/2024,11:20:51,,01/07/2024,11:30:24,
40018,op_change,0,to_T_appro_prindere,0,50.00002,10.73223,23.38756,-3.013647,-0.0007247237,69.63066,10.67714,559.1367,108.0935,483.9388,01/07/2024,11:20:51,,01/07/2024,11:30:24,
40143,op_change,0,to_T_appro_prindere,0,50.00002,11.25548,23.69043,-2.963915,-0.001174983,69.27589,11.20168,559.0443,113.3976,481.0133,01/07/2024,11:20:51,,01/07/2024,11:30:24,
40265,op_change,0,to_T_appro_prindere,0,50.00002,11.77483,23.99998,-2.927597,-0.001174983,68.9296,11.72193,558.9606,118.6532,478.0655,01/07/2024,11:20:51,,01/07/2024,11:30:24,
40380,op_change,0,to_T_appro_prindere,0,50.00002,12.29402,24.32131,-2.904585,-0.0002744643,68.58374,12.24234,558.8707,123.9141,475.1137,01/07/2024,11:20:51,,01/07/2024,11:30:24,
40504,op_change,0,to_T_appro_prindere,0,50.00002,12.81247,24.65337,-2.895806,0.0006260544,68.24589,12.75669,558.8077,129.2164,472.1954,01/07/2024,11:20:51,,01/07/2024,11:30:24,
40623,op_change,0,to_T_appro_prindere,0,50.00002,13.32888,24.9907,-2.906875,0.0008962099,67.91119,13.2739,558.7014,134.5035,469.2224,01/07/2024,11:20:51,,01/07/2024,11:30:24,
40733,op_change,0,to_T_appro_prindere,0,50.00006,13.84207,25.33875,-2.920563,0.0006260544,67.58253,13.78935,558.6155,139.2318,466.536,01/07/2024,11:20:52,,01/07/2024,11:30:25,
40853,op_change,0,to_T_appro_prindere,0,50.00006,14.30487,25.66045,-2.948373,0.000175795,67.29218,14.24788,558.5233,144.5183,463.5787,01/07/2024,11:20:52,,01/07/2024,11:30:25,
40974,op_change,0,to_T_appro_prindere,0,49.9999,14.81202,26.02619,-2.994561,-0.0004545681,66.9733,14.75851,558.4429,149.7818,460.6393,01/07/2024,11:20:52,,01/07/2024,11:30:25,
41096,op_change,0,to_T_appro_prindere,0,50.00006,15.31979,26.4016,-3.054927,-0.0004545681,66.66217,15.26546,558.3572,155.0713,457.692,01/07/2024,11:20:52,,01/07/2024,11:30:25,
41215,op_change,0,to_T_appro_prindere,0,50.00006,15.82347,26.7827,-3.131433,-0.0002744643,66.35136,15.77218,558.271,160.3609,454.756,01/07/2024,11:20:52,,01/07/2024,11:30:25,
41335,op_change,0,to_T_appro_prindere,0,50.00006,16.32472,27.1739,-3.219228,0.0004459506,66.05116,16.27276,558.1851,165.636,451.8056,01/07/2024,11:20:52,,01/07/2024,11:30:25,
41457,op_change,0,to_T_appro_prindere,0,50.00006,16.82729,27.5733,-3.322237,0.0006260544,65.75163,16.77349,558.1021,170.9205,448.8499,01/07/2024,11:20:52,,01/07/2024,11:30:25,
41578,op_change,0,to_T_appro_prindere,0,50.00006,17.32402,27.97959,-3.439369,0.0004459506,65.46447,17.2694,558.0243,176.1738,445.9019,01/07/2024,11:20:52,,01/07/2024,11:30:25,
41701,op_change,0,to_T_appro_prindere,0,50.00006,17.82001,28.39515,-3.570025,-0.0002744643,65.17709,17.76436,557.9352,181.4522,442.9484,01/07/2024,11:20:52,,01/07/2024,11:30:26,
41822,op_change,0,to_T_appro_prindere,0,50.00006,18.31243,28.81796,-3.714477,-0.0007247237,64.90121,18.2571,557.8485,186.7197,440.0166,01/07/2024,11:20:53,,01/07/2024,11:30:26,
41943,op_change,0,to_T_appro_prindere,0,50.00006,18.80105,29.2513,-3.872507,-0.0007247237,64.6263,18.74973,557.7607,192.0188,437.0529,01/07/2024,11:20:53,,01/07/2024,11:30:26,
42063,op_change,0,to_T_appro_prindere,0,50.00006,19.28979,29.68995,-4.044879,0.000175795,64.36198,19.23684,557.6592,197.3248,434.1006,01/07/2024,11:20:53,,01/07/2024,11:30:26,
42184,op_change,0,to_T_appro_prindere,0,50.00006,19.77294,30.13375,-4.231048,0.0008962099,64.09969,19.72147,557.5726,202.5882,431.1771,01/07/2024,11:20:53,,01/07/2024,11:30:26,
42306,op_change,0,to_T_appro_prindere,0,50.00006,20.25594,30.58913,-4.431885,0.001616625,63.84621,20.20247,557.4861,207.862,428.208,01/07/2024,11:20:53,,01/07/2024,11:30:26,
42431,op_change,0,to_T_appro_prindere,0,50.00006,20.73541,31.05045,-4.646681,0.001616625,63.59795,20.68228,557.4039,213.1228,425.257,01/07/2024,11:20:53,,01/07/2024,11:30:26,
42546,op_change,0,to_T_appro_prindere,0,50.00007,21.21284,31.51883,-4.875493,0.001166365,63.35862,21.15761,557.3118,218.4134,422.2947,01/07/2024,11:20:53,,01/07/2024,11:30:26,
42667,op_change,0,to_T_appro_prindere,0,50.00007,21.68431,31.99499,-5.118592,0.0006260544,63.12979,21.62957,557.2239,223.6926,419.3473,01/07/2024,11:20:53,,01/07/2024,11:30:26,
42788,op_change,0,to_T_appro_prindere,0,50.00007,22.15584,32.47725,-5.37625,0.0006260544,62.903,22.10242,557.1177,229.0088,416.3978,01/07/2024,11:20:54,,01/07/2024,11:30:27,
42906,op_change,0,to_T_appro_prindere,0,50.00005,22.6068,32.95146,-5.638107,0.0006260544,62.69017,22.55619,557.0355,234.0904,413.5474,01/07/2024,11:20:54,,01/07/2024,11:30:27,
43026,op_change,0,to_T_appro_prindere,0,50.00005,23.0716,33.44687,-5.925485,0.0008962099,62.47884,23.02159,556.9584,239.3527,410.6051,01/07/2024,11:20:54,,01/07/2024,11:30:27,
43147,op_change,0,to_T_appro_prindere,0,50.00006,23.53592,33.95239,-6.225186,0.0008962099,62.27768,23.48017,556.8655,244.6522,407.6541,01/07/2024,11:20:54,,01/07/2024,11:30:27,
43267,op_change,0,to_T_appro_prindere,0,50.00006,23.99072,34.46301,-6.540047,0.0006260544,62.08192,23.93775,556.7843,249.8978,404.6978,01/07/2024,11:20:54,,01/07/2024,11:30:27,
43388,op_change,0,to_T_appro_prindere,0,50.00006,24.44589,34.97915,-6.870286,-4.31E-06,61.8941,24.39281,556.6885,255.2138,401.7426,01/07/2024,11:20:54,,01/07/2024,11:30:27,
43509,op_change,0,to_T_appro_prindere,0,50.00006,24.89664,35.50266,-7.213884,-0.0007247237,61.71534,24.84428,556.6097,260.4782,398.8115,01/07/2024,11:20:54,,01/07/2024,11:30:27,
43631,op_change,0,to_T_appro_prindere,0,50.00006,25.3476,36.032,-7.572752,-0.0007247237,61.54127,25.29566,556.5253,265.7477,395.868,01/07/2024,11:20:54,,01/07/2024,11:30:27,
43754,op_change,0,to_T_appro_prindere,0,50.00007,25.79613,36.57045,-7.945852,-4.31E-06,61.38175,25.74126,556.4314,271.0408,392.8968,01/07/2024,11:20:55,,01/07/2024,11:30:28,
43873,op_change,0,to_T_appro_prindere,0,50.00007,26.23499,37.11305,-8.334221,0.0008962099,61.22453,26.18401,556.3445,276.3173,389.9424,01/07/2024,11:20:55,,01/07/2024,11:30:28,
43995,op_change,0,to_T_appro_prindere,0,50.00008,26.67264,37.6625,-8.737531,0.001616625,61.07671,26.62333,556.2691,281.5876,387.0089,01/07/2024,11:20:55,,01/07/2024,11:30:28,
44114,op_change,0,to_T_appro_prindere,0,50.00008,27.11166,38.21809,-9.155183,0.001616625,60.93853,27.05626,556.1669,286.8828,384.0595,01/07/2024,11:20:55,,01/07/2024,11:30:28,
44235,op_change,0,to_T_appro_prindere,0,50.00008,27.54584,38.78006,-9.586357,0.0008962099,60.81087,27.48973,556.0768,292.1656,381.1078,01/07/2024,11:20:55,,01/07/2024,11:30:28,
44356,op_change,0,to_T_appro_prindere,0,50.00009,27.97239,39.34749,-10.03329,-4.31E-06,60.68659,27.92227,555.996,297.4285,378.155,01/07/2024,11:20:55,,01/07/2024,11:30:28,
44480,op_change,0,to_T_appro_prindere,0,50.00009,28.40041,39.92334,-10.4962,-0.0009048274,60.57712,28.34862,555.9069,302.7087,375.2009,01/07/2024,11:20:55,,01/07/2024,11:30:28,
44603,op_change,0,to_T_appro_prindere,0,50.00012,28.8258,40.50403,-10.97362,-0.0009048274,60.47243,28.77183,555.8116,308.169,372.144,01/07/2024,11:20:55,,01/07/2024,11:30:28,
44723,op_change,0,to_T_appro_prindere,0,50.00008,29.25951,41.11166,-11.48436,-0.0002744643,60.37595,29.20359,555.7216,313.4496,369.1921,01/07/2024,11:20:55,,01/07/2024,11:30:29,
44846,op_change,0,to_T_appro_prindere,0,50.00008,29.67296,41.70461,-11.99411,0.0006260544,60.29509,29.61991,555.6272,318.7422,366.2458,01/07/2024,11:20:56,,01/07/2024,11:30:29,
44966,op_change,0,to_T_appro_prindere,0,50.00009,30.08415,42.30335,-12.5199,0.001346469,60.21911,30.03508,555.5581,323.9988,363.3113,01/07/2024,11:20:56,,01/07/2024,11:30:29,
45087,op_change,0,to_T_appro_prindere,0,50.00009,30.49538,42.90929,-13.06057,0.001346469,60.15191,30.44702,555.4802,329.2646,360.3503,01/07/2024,11:20:56,,01/07/2024,11:30:29,
45208,op_change,0,to_T_appro_prindere,0,50.0001,30.9041,43.52281,-13.61657,0.0006260544,60.09755,30.85122,555.3804,334.5662,357.4007,01/07/2024,11:20:56,,01/07/2024,11:30:29,
45390,op_change,0,to_T_appro_depunere,0,0,31.30755,44.14023,-14.18909,-4.31E-06,60.05319,31.25283,555.2795,339.8618,354.448,01/07/2024,11:20:56,,01/07/2024,11:30:29,
45503,op_change,1,to_T_appro_depunere,0,50.00007,31.73868,44.81156,-14.82148,-0.0004545681,60.01741,31.68381,555.2546,343.1756,352.5107,01/07/2024,11:20:56,,01/07/2024,11:30:29,
45623,op_change,1,to_T_appro_depunere,0,50.00007,31.48784,44.55999,-14.38583,-0.0002744643,59.82219,31.44892,555.2031,337.7089,352.4437,01/07/2024,11:20:56,,01/07/2024,11:30:29,
45744,op_change,1,to_T_appro_depunere,0,50.00006,31.02694,44.1175,-13.60239,0.0006260544,59.4861,30.98357,555.1898,331.6925,352.4977,01/07/2024,11:20:57,,01/07/2024,11:30:30,
45867,op_change,1,to_T_appro_depunere,0,50.00006,30.5653,43.6838,-12.83394,0.001616625,59.15297,30.52198,555.2159,325.5889,352.5422,01/07/2024,11:20:57,,01/07/2024,11:30:30,
45993,op_change,1,to_T_appro_depunere,0,50.00001,30.0772,43.22447,-12.03365,0.001346469,58.80877,30.0245,555.2356,319.1202,352.4824,01/07/2024,11:20:57,,01/07/2024,11:30:30,
46115,op_change,1,to_T_appro_depunere,0,50.00001,29.60688,42.80502,-11.30037,-4.31E-06,58.49746,29.55216,555.2612,313.0255,352.5042,01/07/2024,11:20:57,,01/07/2024,11:30:30,
46235,op_change,1,to_T_appro_depunere,0,50.00001,29.13551,42.39941,-10.58264,-0.001174983,58.18526,29.07993,555.2537,307.0013,352.5414,01/07/2024,11:20:57,,01/07/2024,11:30:30,
46357,op_change,1,to_T_appro_depunere,0,50.00001,28.65419,41.99727,-9.880715,-0.0007247237,57.88757,28.59914,555.244,300.9632,352.5302,01/07/2024,11:20:57,,01/07/2024,11:30:30,
46480,op_change,1,to_T_appro_depunere,0,50.00001,28.17035,41.60181,-9.193953,0.0006260544,57.59248,28.11855,555.2218,294.9631,352.5135,01/07/2024,11:20:57,,01/07/2024,11:30:30,
46600,op_change,1,to_T_appro_depunere,0,50.00001,27.68083,41.21982,-8.524097,0.001616625,57.30893,27.62943,555.2302,288.9001,352.5326,01/07/2024,11:20:57,,01/07/2024,11:30:30,
46720,op_change,1,to_T_appro_depunere,0,50.00001,27.1901,40.84457,-7.868309,0.001166365,57.02787,27.14046,555.233,282.8357,352.527,01/07/2024,11:20:57,,01/07/2024,11:30:31,
46841,op_change,1,to_T_appro_depunere,0,50.00001,26.69563,40.47215,-7.229044,0.000175795,56.76012,26.64103,555.2305,276.7827,352.5305,01/07/2024,11:20:58,,01/07/2024,11:30:31,
46971,op_change,1,to_T_appro_depunere,0,50.0001,26.16271,40.08901,-6.562078,-0.0004545681,56.47601,26.10834,555.241,270.319,352.5258,01/07/2024,11:20:58,,01/07/2024,11:30:31,
47091,op_change,1,to_T_appro_depunere,0,50.0001,25.65799,39.73795,-5.953404,-0.0002744643,56.21951,25.60351,555.2405,264.2677,352.5307,01/07/2024,11:20:58,,01/07/2024,11:30:31,
47211,op_change,1,to_T_appro_depunere,0,50.00009,25.15079,39.39137,-5.359018,0.000175795,55.96692,25.09614,555.2333,258.2428,352.5536,01/07/2024,11:20:58,,01/07/2024,11:30:31,
47332,op_change,1,to_T_appro_depunere,0,50.00009,24.63443,39.05494,-4.778265,0.0006260544,55.72265,24.58306,555.2335,252.1791,352.5394,01/07/2024,11:20:58,,01/07/2024,11:30:31,
47454,op_change,1,to_T_appro_depunere,0,50.00008,24.11693,38.72571,-4.212398,0.0006260544,55.48786,24.06359,555.2272,246.1504,352.5452,01/07/2024,11:20:58,,01/07/2024,11:30:31,
47575,op_change,1,to_T_appro_depunere,0,50.00008,23.59421,38.4058,-3.662018,0.000175795,55.25806,23.54127,555.2351,240.1021,352.5593,01/07/2024,11:20:58,,01/07/2024,11:30:31,
47696,op_change,1,to_T_appro_depunere,0,50.00008,23.0676,38.09215,-3.124072,-4.31E-06,55.03673,23.01643,555.2256,234.0602,352.5529,01/07/2024,11:20:58,,01/07/2024,11:30:32,
47815,op_change,1,to_T_appro_depunere,0,50.00007,22.53673,37.78671,-2.600903,-0.0002744643,54.81678,22.48678,555.2292,228.0082,352.5513,01/07/2024,11:20:59,,01/07/2024,11:30:32,
47938,op_change,1,to_T_appro_depunere,0,50.00007,22.00349,37.48715,-2.092294,-4.31E-06,54.60433,21.9535,555.232,221.9629,352.5558,01/07/2024,11:20:59,,01/07/2024,11:30:32,
48058,op_change,1,to_T_appro_depunere,0,50.00006,21.46404,37.19717,-1.596281,0.0006260544,54.40515,21.41265,555.2337,215.8969,352.5651,01/07/2024,11:20:59,,01/07/2024,11:30:32,
48181,op_change,1,to_T_appro_depunere,0,50.00006,20.92191,36.91335,-1.11521,0.0008962099,54.20319,20.87222,555.2321,209.8601,352.5644,01/07/2024,11:20:59,,01/07/2024,11:30:32,
48299,op_change,1,to_T_appro_depunere,0,50.00006,20.37636,36.63884,-0.6465175,0.0008962099,54.01054,20.32551,555.2338,203.8079,352.5651,01/07/2024,11:20:59,,01/07/2024,11:30:32,
48413,op_change,1,to_T_appro_depunere,0,50.00004,19.86264,36.38758,-0.2223221,0.000175795,53.84059,19.81195,555.229,198.1419,352.5516,01/07/2024,11:20:59,,01/07/2024,11:30:32,
48538,op_change,1,to_T_appro_depunere,0,50.00004,19.31009,36.1278,0.2170874,-0.0007247237,53.65511,19.25963,555.2322,192.1116,352.5737,01/07/2024,11:20:59,,01/07/2024,11:30:32,
48654,op_change,1,to_T_appro_depunere,0,50.00004,18.7516,35.87412,0.6437913,-0.0009048274,53.48153,18.7008,555.2432,186.0539,352.5769,01/07/2024,11:20:59,,01/07/2024,11:30:32,
48775,op_change,1,to_T_appro_depunere,0,50.00003,18.18953,35.6307,1.056317,-0.0004545681,53.31361,18.13873,555.2408,180.0041,352.5693,01/07/2024,11:21:00,,01/07/2024,11:30:33,
48896,op_change,1,to_T_appro_depunere,0,50.00003,17.62436,35.39297,1.456573,0.0008962099,53.15245,17.57289,555.2388,173.9565,352.5714,01/07/2024,11:21:00,,01/07/2024,11:30:33,
49019,op_change,1,to_T_appro_depunere,0,50.00003,17.05587,35.16275,1.842706,0.001796728,52.9954,17.00352,555.2426,167.9073,352.5749,01/07/2024,11:21:00,,01/07/2024,11:30:33,
49138,op_change,1,to_T_appro_depunere,0,50.00003,16.48275,34.94217,2.216297,0.001616625,52.84329,16.43121,555.2425,161.8635,352.5845,01/07/2024,11:21:00,,01/07/2024,11:30:33,
49259,op_change,1,to_T_appro_depunere,0,50.00003,15.90864,34.72742,2.575928,0.0004459506,52.70172,15.85314,555.2319,155.8112,352.5691,01/07/2024,11:21:00,,01/07/2024,11:30:33,
49380,op_change,1,to_T_appro_depunere,0,50.00003,15.32768,34.5204,2.922035,-0.0007247237,52.55846,15.27464,555.2504,149.7543,352.5887,01/07/2024,11:21:00,,01/07/2024,11:30:33,
49503,op_change,1,to_T_appro_depunere,0,50.00003,14.74594,34.32328,3.253092,-0.0009048274,52.4275,14.69355,555.2386,143.7073,352.586,01/07/2024,11:21:00,,01/07/2024,11:30:33,
49622,op_change,1,to_T_appro_depunere,0,50.00003,14.16146,34.13068,3.571879,-0.0002744643,52.29746,14.11152,555.2462,137.6641,352.596,01/07/2024,11:21:00,,01/07/2024,11:30:33,
49743,op_change,1,to_T_appro_depunere,0,50.00003,13.57314,33.94881,3.877524,0.000175795,52.17664,13.52024,555.2353,131.6196,352.588,01/07/2024,11:21:01,,01/07/2024,11:30:34,
49865,op_change,1,to_T_appro_depunere,0,50.00003,12.98308,33.77347,4.16981,0.000175795,52.06201,12.92979,555.2411,125.5715,352.6068,01/07/2024,11:21:01,,01/07/2024,11:30:34,
49985,op_change,1,to_T_appro_depunere,0,50.00003,12.38729,33.60507,4.448298,-0.0002744643,51.94619,12.33922,555.2372,119.5174,352.5984,01/07/2024,11:21:01,,01/07/2024,11:30:34,
50106,op_change,1,to_T_appro_depunere,0,50.00003,11.79071,33.44687,4.714082,-0.0004545681,51.84367,11.73988,555.2329,113.4841,352.6038,01/07/2024,11:21:01,,01/07/2024,11:30:34,
50228,op_change,1,to_T_appro_depunere,0,50.00003,11.19229,33.29394,4.965796,0.000175795,51.74207,11.142,555.2322,107.4397,352.6018,01/07/2024,11:21:01,,01/07/2024,11:30:34,
50352,op_change,1,to_T_appro_depunere,0,50.00003,10.59003,33.15095,5.202788,0.001166365,51.64709,10.54108,555.232,101.2037,352.6125,01/07/2024,11:21:01,,01/07/2024,11:30:34,
50474,op_change,1,to_T_appro_depunere,0,50.00003,9.965673,33.00928,5.433944,0.001616625,51.55904,9.91325,555.2239,95.15794,352.6198,01/07/2024,11:21:01,,01/07/2024,11:30:34,
50594,op_change,1,to_T_appro_depunere,0,50.00003,9.358361,32.88365,5.645251,0.001166365,51.47527,9.306664,555.231,89.10413,352.6019,01/07/2024,11:21:01,,01/07/2024,11:30:34,
50716,op_change,1,to_T_appro_depunere,0,50.00003,8.749892,32.76507,5.841343,0.000175795,51.39497,8.700463,555.2289,83.05956,352.6092,01/07/2024,11:21:01,,01/07/2024,11:30:35,
50837,op_change,1,to_T_appro_depunere,0,50.00003,8.139056,32.65343,6.025767,-0.0002744643,51.32313,8.086793,555.228,77.01649,352.6212,01/07/2024,11:21:02,,01/07/2024,11:30:35,
50956,op_change,1,to_T_appro_depunere,0,50.00003,7.526693,32.54985,6.196067,0.000175795,51.25735,7.473744,555.2336,70.95834,352.6198,01/07/2024,11:21:02,,01/07/2024,11:30:35,
51080,op_change,1,to_T_appro_depunere,0,50.00003,6.913383,32.45578,6.352188,0.0006260544,51.19468,6.859396,555.2395,64.92185,352.6273,01/07/2024,11:21:02,,01/07/2024,11:30:35,
51198,op_change,1,to_T_appro_depunere,0,50.00003,6.296602,32.36814,6.495605,0.0004459506,51.1383,6.245391,555.2405,58.849,352.6238,01/07/2024,11:21:02,,01/07/2024,11:30:35,
51322,op_change,1,to_T_appro_depunere,0,50.00003,5.680715,32.29075,6.624407,-0.0002744643,51.08722,5.628972,555.2425,52.80206,352.6194,01/07/2024,11:21:02,,01/07/2024,11:30:35,
51440,op_change,1,to_T_appro_depunere,0,50.00003,5.062724,32.21904,6.741266,-0.001174983,51.04208,5.010514,555.246,46.73873,352.6332,01/07/2024,11:21:02,,01/07/2024,11:30:35,
51562,op_change,1,to_T_appro_depunere,0,50.00003,4.442944,32.15634,6.843457,-0.001174983,51.00299,4.390449,555.2408,40.70381,352.6319,01/07/2024,11:21:02,,01/07/2024,11:30:35,
51687,op_change,1,to_T_appro_depunere,0,50.00003,3.821848,32.10194,6.93376,-0.0004545681,50.96899,3.769245,555.2406,34.64512,352.6309,01/07/2024,11:21:02,,01/07/2024,11:30:36,
51804,op_change,1,to_T_appro_depunere,0,50.00003,3.198491,32.05502,7.009231,-4.31E-06,50.93885,3.147472,555.2392,28.59992,352.6444,01/07/2024,11:21:03,,01/07/2024,11:30:36,
51925,op_change,1,to_T_appro_depunere,0,50.00003,2.57608,32.01651,7.073468,-0.0002744643,50.9142,2.526444,555.2327,22.56345,352.6399,01/07/2024,11:21:03,,01/07/2024,11:30:36,
52050,op_change,1,to_T_appro_depunere,0,50.00003,1.953038,31.98631,7.122001,-0.0009048274,50.895,1.903099,555.2362,16.51516,352.6443,01/07/2024,11:21:03,,01/07/2024,11:30:36,
52168,op_change,1,to_T_appro_depunere,0,50.00003,1.328366,31.96447,7.157445,-0.001625242,50.88109,1.279936,555.2313,10.48761,352.6451,01/07/2024,11:21:03,,01/07/2024,11:30:36,
52291,op_change,1,to_T_appro_depunere,0,49.99989,0.7053236,31.9508,7.179966,-0.0009048274,50.87265,0.6563401,555.2322,4.430737,352.6513,01/07/2024,11:21:03,,01/07/2024,11:30:36,
52414,op_change,1,to_T_appro_depunere,0,50.00005,0.08086135,31.94506,7.18831,-0.0002744643,50.87238,0.03105464,555.2477,-1.792879,352.6651,01/07/2024,11:21:03,,01/07/2024,11:30:36,
52535,op_change,1,to_T_appro_depunere,0,49.99995,-0.5618561,31.94737,7.181166,-0.0002744643,50.87735,-0.6162748,555.226,-7.860893,352.6728,01/07/2024,11:21:03,,01/07/2024,11:30:36,
52655,op_change,1,to_T_appro_depunere,0,50.00003,-1.185845,31.95595,7.165353,-0.0007247237,50.87945,-1.236359,555.2251,-13.92766,352.6758,01/07/2024,11:21:03,,01/07/2024,11:30:36,
52777,op_change,1,to_T_appro_depunere,0,50.00003,-1.808413,31.97715,7.132906,-0.001355087,50.89165,-1.859526,555.229,-19.96178,352.6667,01/07/2024,11:21:04,,01/07/2024,11:30:37,
52897,op_change,1,to_T_appro_depunere,0,50.00004,-2.431718,32.00561,7.086065,-0.001355087,50.91064,-2.482624,555.2309,-26.02841,352.6658,01/07/2024,11:21:04,,01/07/2024,11:30:37,
53017,op_change,1,to_T_appro_depunere,0,50.00004,-3.055549,32.04197,7.024718,-0.0004545681,50.93511,-3.104557,555.2369,-32.07505,352.665,01/07/2024,11:21:04,,01/07/2024,11:30:37,
53138,op_change,1,to_T_appro_depunere,0,50.00004,-3.67675,32.08784,6.952137,-4.31E-06,50.96457,-3.727977,555.2365,-38.11502,352.6605,01/07/2024,11:21:04,,01/07/2024,11:30:37,
53259,op_change,1,to_T_appro_depunere,0,50.00004,-4.298634,32.13866,6.865215,-0.0002744643,50.99886,-4.349216,555.2419,-44.15721,352.682,01/07/2024,11:21:04,,01/07/2024,11:30:37,
53381,op_change,1,to_T_appro_depunere,0,50.00004,-4.917204,32.19827,6.764606,-0.0009048274,51.03894,-4.970013,555.2417,-50.19843,352.6864,01/07/2024,11:21:04,,01/07/2024,11:30:37,
53503,op_change,1,to_T_appro_depunere,0,50.00004,-5.538826,32.26881,6.650799,-0.001174983,51.08398,-5.589925,555.2432,-56.24736,352.6645,01/07/2024,11:21:04,,01/07/2024,11:30:37,
53622,op_change,1,to_T_appro_depunere,0,50.00004,-6.156133,32.34499,6.524724,-0.0004545681,51.13465,-6.20849,555.2386,-62.28979,352.6791,01/07/2024,11:21:04,,01/07/2024,11:30:37,
53743,op_change,1,to_T_appro_depunere,0,50.00004,-6.772284,32.42848,6.38458,0.000175795,51.1895,-6.823223,555.2419,-68.3287,352.6805,01/07/2024,11:21:05,,01/07/2024,11:30:38,
53864,op_change,1,to_T_appro_depunere,0,50.00004,-7.386961,32.5218,6.230694,0.0008962099,51.25082,-7.437502,555.2435,-74.37991,352.6912,01/07/2024,11:21:05,,01/07/2024,11:30:38,
53984,op_change,1,to_T_appro_depunere,0,50.00004,-7.99806,32.62239,6.063611,0.000175795,51.31823,-8.048363,555.2382,-80.43132,352.6678,01/07/2024,11:21:05,,01/07/2024,11:30:38,
54105,op_change,1,to_T_appro_depunere,0,50.00004,-8.611264,32.73266,5.884041,-0.0002744643,51.38786,-8.659207,555.2373,-86.48898,352.6929,01/07/2024,11:21:05,,01/07/2024,11:30:38,
54226,op_change,1,to_T_appro_depunere,0,50.00004,-9.218575,32.84756,5.690021,-0.0007247237,51.46542,-9.269556,555.2365,-92.53852,352.6953,01/07/2024,11:21:05,,01/07/2024,11:30:38,
54350,op_change,1,to_T_appro_depunere,0,50.00004,-9.826099,32.97161,5.482094,0.000175795,51.54917,-9.877789,555.2308,-98.59074,352.6982,01/07/2024,11:21:05,,01/07/2024,11:30:38,
54469,op_change,1,to_T_appro_depunere,0,50.00004,-10.43083,33.1065,5.261899,0.0006260544,51.63718,-10.4831,555.2321,-104.6326,352.7094,01/07/2024,11:21:05,,01/07/2024,11:30:38,
54582,op_change,1,to_T_appro_depunere,0,50.00002,-10.99211,33.23691,5.042576,-4.31E-06,51.72437,-11.0436,555.2302,-110.2809,352.694,01/07/2024,11:21:05,,01/07/2024,11:30:38,
54705,op_change,1,to_T_appro_depunere,0,50.00002,-11.59332,33.38401,4.796042,-0.001355087,51.82393,-11.64542,555.2225,-116.3405,352.6964,01/07/2024,11:21:05,,01/07/2024,11:30:39,
54824,op_change,1,to_T_appro_depunere,0,50.00002,-12.19022,33.54031,4.535494,-0.002525761,51.92844,-12.24541,555.2296,-122.3975,352.7115,01/07/2024,11:21:06,,01/07/2024,11:30:39,
54944,op_change,1,to_T_appro_depunere,0,50.00002,-12.78448,33.70571,4.260985,-0.002795917,52.03724,-12.83901,555.228,-128.4407,352.7186,01/07/2024,11:21:06,,01/07/2024,11:30:39,
55066,op_change,1,to_T_appro_depunere,0,50.00002,-13.37754,33.87984,3.972517,-0.002345657,52.15328,-13.42702,555.2306,-134.4906,352.7063,01/07/2024,11:21:06,,01/07/2024,11:30:39,
55186,op_change,1,to_T_appro_depunere,0,50.00002,-13.96407,34.05834,3.671126,-0.001895398,52.2751,-14.01663,555.2384,-140.5133,352.7296,01/07/2024,11:21:06,,01/07/2024,11:30:39,
55307,op_change,1,to_T_appro_depunere,0,50.00002,-14.55239,34.24773,3.355937,-0.001625242,52.4011,-14.60558,555.2391,-146.577,352.7238,01/07/2024,11:21:06,,01/07/2024,11:30:39,
55428,op_change,1,to_T_appro_depunere,0,50.00002,-15.13534,34.44228,3.028207,-0.002075501,52.53474,-15.18474,555.2352,-152.6177,352.7191,01/07/2024,11:21:06,,01/07/2024,11:30:39,
55550,op_change,1,to_T_appro_depunere,0,50.00002,-15.71519,34.64545,2.687225,-0.002075501,52.67075,-15.76576,555.2365,-158.6623,352.7339,01/07/2024,11:21:06,,01/07/2024,11:30:39,
55671,op_change,1,to_T_appro_depunere,0,50.00002,-16.29152,34.85673,2.33223,-0.001625242,52.8166,-16.34412,555.2381,-164.7122,352.7295,01/07/2024,11:21:06,,01/07/2024,11:30:39,
55791,op_change,1,to_T_appro_depunere,0,50.00003,-16.86374,35.07611,1.963765,-0.0009048274,52.96477,-16.91522,555.2406,-170.7518,352.7179,01/07/2024,11:21:07,,01/07/2024,11:30:40,
55912,op_change,1,to_T_appro_depunere,0,50.00003,-17.43444,35.30022,1.581613,-0.0007247237,53.1212,-17.48773,555.2356,-176.8086,352.7223,01/07/2024,11:21:07,,01/07/2024,11:30:40,
56038,op_change,1,to_T_appro_depunere,0,50.00003,-18.00182,35.5369,1.186428,-0.001625242,53.28082,-18.05106,555.2363,-182.8648,352.7306,01/07/2024,11:21:07,,01/07/2024,11:30:40,
56154,op_change,1,to_T_appro_depunere,0,50.00003,-18.56357,35.7789,0.7779371,-0.00297602,53.44975,-18.61787,555.2293,-188.9055,352.7457,01/07/2024,11:21:07,,01/07/2024,11:30:40,
56275,op_change,1,to_T_appro_depunere,0,50.00003,-19.12301,36.02685,0.3550504,-0.004146694,53.62138,-19.17349,555.2257,-194.9644,352.7317,01/07/2024,11:21:07,,01/07/2024,11:30:40,
56396,op_change,1,to_T_appro_depunere,0,50.00003,-19.67756,36.28426,-0.08157799,-0.003696435,53.80008,-19.7306,555.2329,-200.9975,352.7418,01/07/2024,11:21:07,,01/07/2024,11:30:40,
56519,op_change,1,to_T_appro_depunere,0,50.00003,-20.22979,36.55025,-0.5318937,-0.002795917,53.98645,-20.28113,555.2302,-207.0563,352.7497,01/07/2024,11:21:07,,01/07/2024,11:30:40,
56634,op_change,1,to_T_appro_depunere,0,50.00003,-20.7786,36.82312,-0.9950241,-0.001625242,54.17672,-20.83154,555.2323,-212.9024,352.7533,01/07/2024,11:21:07,,01/07/2024,11:30:40,
56754,op_change,1,to_T_appro_depunere,0,50.00003,-21.30442,37.09527,-1.456191,-0.001174983,54.36583,-21.3536,555.226,-218.9505,352.7524,01/07/2024,11:21:08,,01/07/2024,11:30:41,
56875,op_change,1,to_T_appro_depunere,0,50.00003,-21.84398,37.38325,-1.948114,-0.001895398,54.57149,-21.8954,555.2241,-224.9854,352.7397,01/07/2024,11:21:08,,01/07/2024,11:30:41,
56997,op_change,1,to_T_appro_depunere,0,50.00003,-22.3799,37.67891,-2.453996,-0.00297602,54.78038,-22.43188,555.2328,-231.0305,352.7502,01/07/2024,11:21:08,,01/07/2024,11:30:41,
57120,op_change,1,to_T_appro_depunere,0,50.00003,-22.91051,37.98067,-2.973512,-0.003876539,54.99502,-22.95767,555.2409,-237.0705,352.7647,01/07/2024,11:21:08,,01/07/2024,11:30:41,
57238,op_change,1,to_T_appro_depunere,0,50.00003,-23.43975,38.29243,-3.506605,-0.003696435,55.22115,-23.49276,555.2328,-243.1355,352.7577,01/07/2024,11:21:08,,01/07/2024,11:30:41,
57359,op_change,1,to_T_appro_depunere,0,50.00003,-23.9632,38.61182,-4.053168,-0.002345657,55.44955,-24.01476,555.2352,-249.173,352.7651,01/07/2024,11:21:08,,01/07/2024,11:30:41,
57483,op_change,1,to_T_appro_depunere,0,50.00004,-24.48081,38.93688,-4.614944,-0.001355087,55.6815,-24.5298,555.2297,-255.2237,352.7674,01/07/2024,11:21:08,,01/07/2024,11:30:41,
57601,op_change,1,to_T_appro_depunere,0,50.00004,-24.99554,39.27031,-5.191008,-0.001174983,55.92452,-25.04518,555.2266,-261.2818,352.7787,01/07/2024,11:21:08,,01/07/2024,11:30:41,
57723,op_change,1,to_T_appro_depunere,0,50.00004,-25.50541,39.61432,-5.781578,-0.002525761,56.17179,-25.55787,555.2304,-267.3269,352.7657,01/07/2024,11:21:08,,01/07/2024,11:30:42,
57843,op_change,1,to_T_appro_depunere,0,50.00004,-26.01003,39.96322,-6.38736,-0.003876539,56.42971,-26.06471,555.2266,-273.3757,352.7701,01/07/2024,11:21:09,,01/07/2024,11:30:42,
57966,op_change,1,to_T_appro_depunere,0,50.00005,-26.51423,40.32038,-7.006122,-0.004146694,56.69048,-26.56469,555.2231,-279.4375,352.7817,01/07/2024,11:21:09,,01/07/2024,11:30:42,
58087,op_change,1,to_T_appro_depunere,0,50.00005,-27.01218,40.68543,-7.641352,-0.003246176,56.96111,-27.062,555.233,-285.4628,352.762,01/07/2024,11:21:09,,01/07/2024,11:30:42,
58206,op_change,1,to_T_appro_depunere,0,50.00005,-27.50564,41.05816,-8.291359,-0.001895398,57.23685,-27.55592,555.2368,-291.509,352.7736,01/07/2024,11:21:09,,01/07/2024,11:30:42,
58311,op_change,1,to_T_appro_depunere,0,50.00008,-27.99543,41.44152,-8.956582,-0.001355087,57.52055,-28.04571,555.2313,-296.7621,352.7806,01/07/2024,11:21:09,,01/07/2024,11:30:42,
58432,op_change,1,to_T_appro_depunere,0,50.00008,-28.41493,41.77832,-9.544969,-0.002795917,57.77232,-28.46537,555.2217,-302.8281,352.7818,01/07/2024,11:21:09,,01/07/2024,11:30:42,
58553,op_change,1,to_T_appro_depunere,0,50.00009,-28.89224,42.17409,-10.23915,-0.004146694,58.06869,-28.9463,555.2289,-308.8532,352.7906,01/07/2024,11:21:09,,01/07/2024,11:30:42,
58674,op_change,1,to_T_appro_depunere,0,50.00009,-29.37145,42.57818,-10.94837,-0.004596954,58.37519,-29.4241,555.2213,-314.9208,352.7913,01/07/2024,11:21:09,,01/07/2024,11:30:42,
58795,op_change,1,to_T_appro_depunere,0,50.0001,-29.84241,42.99326,-11.67429,-0.003876539,58.68693,-29.89493,555.2391,-320.9353,352.7789,01/07/2024,11:21:10,,01/07/2024,11:30:43,
58916,op_change,1,to_T_appro_depunere,0,50.0001,-30.31236,43.41628,-12.41749,-0.00297602,59.00756,-30.36162,555.2317,-327.0117,352.7935,01/07/2024,11:21:10,,01/07/2024,11:30:43,
59077,op_change,1,to_home,0,0,-30.77247,43.84641,-13.17547,-0.00297602,59.33623,-30.82696,555.2173,-334.7196,352.7915,01/07/2024,11:21:10,,01/07/2024,11:30:43,
59212,op_change,0,to_home,0,50.00004,-31.06192,44.11639,-13.67415,-0.00342628,59.56199,-31.12449,555.1987,-332.8144,353.9164,01/07/2024,11:21:10,,01/07/2024,11:30:43,
59332,op_change,0,to_home,0,50.00004,-30.69613,43.53649,-13.14902,-0.00297602,59.62365,-30.74665,555.3571,-327.5138,357.0897,01/07/2024,11:21:10,,01/07/2024,11:30:43,
59452,op_change,0,to_home,0,50.00003,-30.29331,42.9174,-12.61102,-0.00297602,59.69695,-30.33784,555.4866,-322.2455,360.154,01/07/2024,11:21:10,,01/07/2024,11:30:43,
59569,op_change,0,to_home,0,50.00008,-29.88312,42.30545,-12.08638,-0.00342628,59.78156,-29.93299,555.5707,-317.2032,363.0735,01/07/2024,11:21:10,,01/07/2024,11:30:43,
59693,op_change,0,to_home,0,50.00008,-29.48672,41.72187,-11.59386,-0.004146694,59.87267,-29.53878,555.6273,-312.0472,366.1512,01/07/2024,11:21:10,,01/07/2024,11:30:44,
59813,op_change,0,to_home,0,50.00007,-29.06995,41.13034,-11.09975,-0.004146694,59.97256,-29.12327,555.7019,-306.8655,369.2283,01/07/2024,11:21:11,,01/07/2024,11:30:44,
59934,op_change,0,to_home,0,50.00007,-28.64972,40.53823,-10.62184,-0.003876539,60.08549,-28.70851,555.7991,-301.6517,372.3007,01/07/2024,11:21:11,,01/07/2024,11:30:44,
60055,op_change,0,to_home,0,50.00006,-28.23227,39.95301,-10.15768,-0.003246176,60.20426,-28.28919,555.9023,-296.4119,375.3432,01/07/2024,11:21:11,,01/07/2024,11:30:44,
60174,op_change,0,to_home,0,50.00006,-27.81293,39.37548,-9.709106,-0.002795917,60.33465,-27.86538,556.0063,-291.1714,378.4272,01/07/2024,11:21:11,,01/07/2024,11:30:44,
60295,op_change,0,to_home,0,50.00006,-27.39001,38.8041,-9.276076,-0.002345657,60.4757,-27.44039,556.0868,-285.9799,381.5018,01/07/2024,11:21:11,,01/07/2024,11:30:44,
60416,op_change,0,to_home,0,50.00005,-26.96094,38.23761,-8.859516,-0.002795917,60.62215,-27.01007,556.1607,-280.7971,384.5576,01/07/2024,11:21:11,,01/07/2024,11:30:44,
60536,op_change,0,to_home,0,50.00005,-26.52471,37.67875,-8.456206,-0.00342628,60.77711,-26.58151,556.2689,-275.5646,387.6198,01/07/2024,11:21:11,,01/07/2024,11:30:44,
60666,op_change,0,to_home,0,50.00007,-26.09095,37.12568,-8.066802,-0.003876539,60.94303,-26.14505,556.3612,-270.334,390.6823,01/07/2024,11:21:11,,01/07/2024,11:30:44,
60789,op_change,0,to_home,0,50.00002,-25.62499,36.5433,-7.669599,-0.003876539,61.12831,-25.6767,556.4466,-264.8017,393.964,01/07/2024,11:21:12,,01/07/2024,11:30:45,
60912,op_change,0,to_home,0,50.00002,-25.18072,36.00138,-7.311495,-0.003696435,61.31198,-25.23577,556.546,-259.5808,397.0401,01/07/2024,11:21:12,,01/07/2024,11:30:45,
61028,op_change,0,to_home,0,50.00002,-24.7357,35.46915,-6.967242,-0.003246176,61.49901,-24.79128,556.6366,-254.3637,400.0889,01/07/2024,11:21:12,,01/07/2024,11:30:45,
61149,op_change,0,to_home,0,50.00002,-24.29111,34.94279,-6.639457,-0.003246176,61.69928,-24.34262,556.7255,-249.1685,403.1686,01/07/2024,11:21:12,,01/07/2024,11:30:45,
61273,op_change,0,to_home,0,50.00002,-23.83962,34.42239,-6.325904,-0.003246176,61.90675,-23.8918,556.8278,-243.9324,406.2297,01/07/2024,11:21:12,,01/07/2024,11:30:45,
61392,op_change,0,to_home,0,50.00002,-23.38703,33.9083,-6.026475,-0.00342628,62.11968,-23.43823,556.9171,-238.7321,409.299,01/07/2024,11:21:12,,01/07/2024,11:30:45,
61513,op_change,0,to_home,0,50.00002,-22.92965,33.40011,-5.741552,-0.00342628,62.34237,-22.98232,556.993,-233.539,412.3676,01/07/2024,11:21:12,,01/07/2024,11:30:45,
61633,op_change,0,to_home,0,50.00002,-22.46533,32.90017,-5.471787,-0.00297602,62.57026,-22.52366,557.1001,-228.3017,415.4344,01/07/2024,11:21:12,,01/07/2024,11:30:45,
61755,op_change,0,to_home,0,50.00002,-22.00743,32.40644,-5.213857,-0.002345657,62.81046,-22.06163,557.1852,-223.1001,418.4972,01/07/2024,11:21:13,,01/07/2024,11:30:46,
61878,op_change,0,to_home,0,50.00002,-21.54137,31.92212,-4.971849,-0.001895398,63.05252,-21.59367,557.2888,-217.8675,421.571,01/07/2024,11:21:13,,01/07/2024,11:30:46,
61997,op_change,0,to_home,0,50.00002,-21.07421,31.44349,-4.74331,-0.001625242,63.30324,-21.12653,557.3646,-212.6662,424.6317,01/07/2024,11:21:13,,01/07/2024,11:30:46,
62117,op_change,0,to_home,0,50.00002,-20.60362,30.97149,-4.53004,-0.002345657,63.56097,-20.65418,557.4482,-207.484,427.6957,01/07/2024,11:21:13,,01/07/2024,11:30:46,
62238,op_change,0,to_home,0,50.00002,-20.12736,30.5069,-4.330785,-0.00297602,63.82295,-20.17941,557.5459,-202.2551,430.7561,01/07/2024,11:21:13,,01/07/2024,11:30:46,
62365,op_change,0,to_home,0,50.00005,-19.63342,30.03369,-4.1396,-0.003696435,64.10655,-19.69039,557.6427,-196.8584,433.9456,01/07/2024,11:21:13,,01/07/2024,11:30:46,
62487,op_change,0,to_home,0,50.00005,-19.15611,29.58594,-3.968536,-0.003876539,64.38284,-19.2091,557.7342,-191.6433,437.002,01/07/2024,11:21:13,,01/07/2024,11:30:46,
62607,op_change,0,to_home,0,50.00005,-18.67521,29.1444,-3.813014,-0.00342628,64.66944,-18.72822,557.8254,-186.4282,440.0802,01/07/2024,11:21:13,,01/07/2024,11:30:46,
62729,op_change,0,to_home,0,50.00005,-18.19126,28.7118,-3.671561,-0.00297602,64.95924,-18.24207,557.9145,-181.2321,443.1155,01/07/2024,11:21:14,,01/07/2024,11:30:47,
62848,op_change,0,to_home,0,50.00005,-17.7029,28.2852,-3.543686,-0.002525761,65.25882,-17.75515,558.0126,-176.0221,446.1891,01/07/2024,11:21:14,,01/07/2024,11:30:47,
62969,op_change,0,to_home,0,50.00005,-17.21322,27.86817,-3.429499,-0.002795917,65.56026,-17.26275,558.096,-170.8262,449.256,01/07/2024,11:21:14,,01/07/2024,11:30:47,
63089,op_change,0,to_home,0,50.00005,-16.71807,27.46019,-3.331561,-0.00342628,65.87328,-16.77479,558.2058,-165.578,452.3302,01/07/2024,11:21:14,,01/07/2024,11:30:47,
63210,op_change,0,to_home,0,50.00005,-16.22555,27.0581,-3.245294,-0.003696435,66.18713,-16.27821,558.2876,-160.3824,455.3917,01/07/2024,11:21:14,,01/07/2024,11:30:47,
63331,op_change,0,to_home,0,50.00005,-15.72787,26.66517,-3.174567,-0.00342628,66.51027,-15.78171,558.392,-155.1495,458.4616,01/07/2024,11:21:14,,01/07/2024,11:30:47,
63454,op_change,0,to_home,0,50.00005,-15.23051,26.28181,-3.117909,-0.002525761,66.83698,-15.28438,558.4792,-149.9457,461.5366,01/07/2024,11:21:14,,01/07/2024,11:30:47,
63573,op_change,0,to_home,0,50.00005,-14.73042,25.90703,-3.073086,-0.001355087,67.16895,-14.78392,558.566,-144.7451,464.5878,01/07/2024,11:21:14,,01/07/2024,11:30:47,
63694,op_change,0,to_home,0,50.00005,-14.22474,25.53856,-3.043366,-0.0009048274,67.50715,-14.27914,558.6572,-139.5204,467.659,01/07/2024,11:21:14,,01/07/2024,11:30:48,
63815,op_change,0,to_home,0,50.00005,-13.72049,25.18072,-3.027934,-0.0009048274,67.84791,-13.77189,558.7418,-134.3308,470.7269,01/07/2024,11:21:15,,01/07/2024,11:30:48,
63936,op_change,0,to_home,0,50.00005,-13.21082,24.83129,-3.033551,-0.001625242,68.19552,-13.26346,558.8576,-129.1179,473.8182,01/07/2024,11:21:15,,01/07/2024,11:30:48,
64058,op_change,0,to_home,0,50.00005,-12.70036,24.49008,-3.040803,-0.001895398,68.54824,-12.75474,558.9215,-123.892,476.8686,01/07/2024,11:21:15,,01/07/2024,11:30:48,
64180,op_change,0,to_home,0,50.00005,-12.19153,24.15807,-3.063815,-0.001625242,68.90559,-12.24572,559.0093,-118.6902,479.9253,01/07/2024,11:21:15,,01/07/2024,11:30:48,
64300,op_change,0,to_home,0,50.00005,-11.67881,23.83699,-3.104277,-0.0007247237,69.27026,-11.73407,559.0963,-113.4754,482.9919,01/07/2024,11:21:15,,01/07/2024,11:30:48,
64428,op_change,0,to_home,0,50.00006,-11.16398,23.52555,-3.158099,-4.31E-06,69.63247,-11.21614,559.1892,-108.2445,486.057,01/07/2024,11:21:15,,01/07/2024,11:30:48,
64550,op_change,0,to_home,0,50.00005,-10.61149,23.2008,-3.231825,0.000175795,70.03203,-10.66729,559.2906,-102.6767,489.3268,01/07/2024,11:21:15,,01/07/2024,11:30:48,
64669,op_change,0,to_home,0,50.00005,-10.0953,22.90951,-3.31602,-0.0002744643,70.40855,-10.15056,559.3812,-97.4854,492.3983,01/07/2024,11:21:15,,01/07/2024,11:30:48,
64790,op_change,0,to_home,0,50.00005,-9.574578,22.62595,-3.413576,-0.0009048274,70.78458,-9.626557,559.472,-92.27847,495.4618,01/07/2024,11:21:16,,01/07/2024,11:30:49,
64914,op_change,0,to_home,0,50.00005,-9.052965,22.35433,-3.526237,-0.001174983,71.17287,-9.106772,559.5643,-87.06494,498.5358,01/07/2024,11:21:16,,01/07/2024,11:30:49,
65033,op_change,0,to_home,0,50.00005,-8.531983,22.0905,-3.649913,-0.0009048274,71.56049,-8.584657,559.6522,-81.87144,501.6039,01/07/2024,11:21:16,,01/07/2024,11:30:49,
65156,op_change,0,to_home,0,50.00005,-8.007215,21.83987,-3.789893,-4.31E-06,71.94936,-8.059192,559.7441,-76.65836,504.6508,01/07/2024,11:21:16,,01/07/2024,11:30:49,
65277,op_change,0,to_home,0,50.00005,-7.47892,21.59661,-3.944161,0.0006260544,72.3501,-7.534089,559.8405,-71.42993,507.726,01/07/2024,11:21:16,,01/07/2024,11:30:49,
65396,op_change,0,to_home,0,50.00005,-6.953572,21.36245,-4.112225,0.0006260544,72.75063,-7.012431,559.9307,-66.21704,510.7947,01/07/2024,11:21:16,,01/07/2024,11:30:49,
65517,op_change,0,to_home,0,50.00006,-6.42733,21.14044,-4.293049,0.000175795,73.15046,-6.483235,560.0124,-61.01361,513.8792,01/07/2024,11:21:16,,01/07/2024,11:30:49,
65642,op_change,0,to_home,0,50.00006,-5.901088,20.9279,-4.487942,-4.31E-06,73.56181,-5.950174,560.1086,-55.79999,516.931,01/07/2024,11:21:16,,01/07/2024,11:30:49,
65758,op_change,0,to_home,0,50.00006,-5.371952,20.72652,-4.69805,0.000175795,73.97106,-5.425744,560.1987,-50.58543,519.9894,01/07/2024,11:21:17,,01/07/2024,11:30:50,
65879,op_change,0,to_home,0,50.00006,-4.841501,20.53618,-4.92059,0.0006260544,74.38367,-4.895172,560.2888,-45.34161,523.0596,01/07/2024,11:21:17,,01/07/2024,11:30:50,
66001,op_change,0,to_home,0,50.00006,-4.311681,20.35474,-5.158399,0.001616625,74.80112,-4.362365,560.3823,-40.14039,526.1369,01/07/2024,11:21:17,,01/07/2024,11:30:50,
66120,op_change,0,to_home,0,50.00005,-3.79917,20.19217,-5.400516,0.001616625,75.21062,-3.852573,560.4711,-35.11433,529.0938,01/07/2024,11:21:17,,01/07/2024,11:30:50,
66240,op_change,0,to_home,0,50.00006,-3.267351,20.03382,-5.666408,0.0008962099,75.63497,-3.319943,560.5607,-29.90759,532.1621,01/07/2024,11:21:17,,01/07/2024,11:30:50,
66360,op_change,0,to_home,0,50.00006,-2.735637,19.88247,-5.945388,-4.31E-06,76.06055,-2.7881,560.6472,-24.70122,535.235,01/07/2024,11:21:17,,01/07/2024,11:30:50,
66480,op_change,0,to_home,0,50.00006,-2.204029,19.74653,-6.239473,-0.0009048274,76.49291,-2.259147,560.7482,-19.49577,538.2979,01/07/2024,11:21:17,,01/07/2024,11:30:50,
66601,op_change,0,to_home,0,50.00006,-1.670264,19.62148,-6.546263,-0.0009048274,76.92589,-1.724271,560.8312,-14.27158,541.3652,01/07/2024,11:21:17,,01/07/2024,11:30:50,
66791,op_change,0,to_home,1,0,-1.137287,19.506,-6.868268,-0.0004545681,77.3642,-1.193504,560.9269,-9.071105,544.4201,01/07/2024,11:21:18,,01/07/2024,11:30:51,
66905,op_change,1,to_T_appro_prindere,1,0,-0.4786295,19.37837,-7.284393,0.000175795,77.90569,-0.532272,560.9973,-4.701233,546.9869,01/07/2024,11:21:18,,01/07/2024,11:30:51,
67025,op_change,0,to_T_appro_prindere,1,100.0001,-0.4721587,19.38143,-7.27845,0.000175795,77.9008,-0.5280237,560.9197,-2.037772,545.4948,01/07/2024,11:21:18,,01/07/2024,11:30:51,
67154,op_change,0,to_T_appro_prindere,1,100.0007,0.4433862,19.52899,-6.70135,-0.0004545681,77.177,0.392606,560.7585,9.31978,539.1806,01/07/2024,11:21:18,,01/07/2024,11:30:51,
67282,op_change,0,to_T_appro_prindere,1,100.0005,1.594722,19.76226,-6.037818,-0.0004545681,76.27444,1.543144,560.5862,19.94135,533.2513,01/07/2024,11:21:18,,01/07/2024,11:30:51,
67396,op_change,0,to_T_appro_prindere,1,100.0004,2.67772,20.02967,-5.474406,0.001346469,75.44735,2.619388,560.4241,30.41424,527.3494,01/07/2024,11:21:18,,01/07/2024,11:30:51,
67515,op_change,0,to_T_appro_prindere,1,100.0004,3.757613,20.33821,-4.964324,0.0008962099,74.62877,3.697622,560.2533,40.93781,521.438,01/07/2024,11:21:18,,01/07/2024,11:30:51,
67637,op_change,0,to_T_appro_prindere,1,100.0004,4.829248,20.68922,-4.511446,-0.0004545681,73.82257,4.773831,560.0731,51.54937,515.5388,01/07/2024,11:21:18,,01/07/2024,11:30:51,
67758,op_change,0,to_T_appro_prindere,1,100.0004,5.898356,21.08047,-4.115115,0.000175795,73.03751,5.846083,559.894,62.12788,509.6365,01/07/2024,11:21:19,,01/07/2024,11:30:52,
67880,op_change,0,to_T_appro_prindere,1,100.0005,6.969044,21.51517,-3.773534,-4.31E-06,72.26081,6.916605,559.7149,72.68136,503.761,01/07/2024,11:21:19,,01/07/2024,11:30:52,
68003,op_change,0,to_T_appro_prindere,1,100.0004,8.03768,21.99386,-3.489156,-0.001174983,71.49834,7.983314,559.5472,83.20822,497.8463,01/07/2024,11:21:19,,01/07/2024,11:30:52,
68122,op_change,0,to_T_appro_prindere,1,100.0004,9.097003,22.50768,-3.260126,-0.0004545681,70.75757,9.038321,559.3787,93.76086,491.9443,01/07/2024,11:21:19,,01/07/2024,11:30:52,
68244,op_change,0,to_T_appro_prindere,1,100.0004,10.14738,23.06234,-3.08759,0.000175795,70.02634,10.09576,559.2008,104.3428,486.0421,01/07/2024,11:21:19,,01/07/2024,11:30:52,
68364,op_change,0,to_T_appro_prindere,1,100.0004,11.19718,23.65681,-2.968768,-0.0009048274,69.31601,11.14319,559.0234,114.913,480.1494,01/07/2024,11:21:19,,01/07/2024,11:30:52,
68486,op_change,0,to_T_appro_prindere,1,100.0004,12.23715,24.28648,-2.907475,-0.0007247237,68.62381,12.18384,558.8452,125.4436,474.256,01/07/2024,11:21:19,,01/07/2024,11:30:52,
68598,op_change,0,to_T_appro_prindere,1,100.0001,13.27217,24.95419,-2.907475,0.0004459506,67.9483,13.21602,558.7005,135.3172,468.7667,01/07/2024,11:21:19,,01/07/2024,11:30:52,
68718,op_change,0,to_T_appro_prindere,1,100.0002,14.23069,25.609,-2.945756,-0.0002744643,67.33697,14.1743,558.5065,145.8652,462.8226,01/07/2024,11:21:19,,01/07/2024,11:30:53,
68839,op_change,0,to_T_appro_prindere,1,100.0002,15.24604,26.34705,-3.045166,-0.001174983,66.70578,15.19161,558.3348,156.4122,456.9273,01/07/2024,11:21:20,,01/07/2024,11:30:53,
68960,op_change,0,to_T_appro_prindere,1,100.0002,16.25301,27.11844,-3.205323,-4.31E-06,66.09467,16.20145,558.1607,166.9831,451.0408,01/07/2024,11:21:20,,01/07/2024,11:30:53,
69083,op_change,0,to_T_appro_prindere,1,100.0003,17.25299,27.92162,-3.421428,-4.31E-06,65.50518,17.19838,557.9973,177.5324,445.1478,01/07/2024,11:21:20,,01/07/2024,11:30:53,
69201,op_change,0,to_T_appro_prindere,1,100.0003,18.24119,28.75841,-3.692392,-0.001174983,64.93993,18.18399,557.8248,188.077,439.2484,01/07/2024,11:21:20,,01/07/2024,11:30:53,
69323,op_change,0,to_T_appro_prindere,1,100.0003,19.2184,29.62703,-4.018868,-0.0004545681,64.39966,19.16561,557.6423,198.6567,433.3443,01/07/2024,11:21:20,,01/07/2024,11:30:53,
69445,op_change,0,to_T_appro_prindere,1,100.0003,20.18786,30.52442,-4.402002,0.0008962099,63.88108,20.13599,557.456,209.2217,427.4329,01/07/2024,11:21:20,,01/07/2024,11:30:53,
69564,op_change,0,to_T_appro_prindere,1,100.0003,21.14329,31.45212,-4.840975,0.0006260544,63.39582,21.08697,557.2852,219.7565,421.5325,01/07/2024,11:21:20,,01/07/2024,11:30:53,
69676,op_change,0,to_T_appro_prindere,1,100.0003,22.08661,32.40907,-5.338459,0.000175795,62.93491,22.03091,557.1199,229.2885,416.2191,01/07/2024,11:21:20,,01/07/2024,11:30:54,
69797,op_change,0,to_T_appro_prindere,1,100.0005,22.92966,33.29347,-5.834581,0.0006260544,62.54814,22.87285,556.9416,239.8445,410.3308,01/07/2024,11:21:21,,01/07/2024,11:30:54,
69915,op_change,0,to_T_appro_prindere,1,100.0006,23.84994,34.30429,-6.440965,0.0006260544,62.1396,23.79827,556.7666,250.393,404.4219,01/07/2024,11:21:21,,01/07/2024,11:30:54,
70036,op_change,0,to_T_appro_prindere,1,100.0006,24.75659,35.34052,-7.105423,-0.0007247237,61.77069,24.70399,556.6047,260.9411,398.529,01/07/2024,11:21:21,,01/07/2024,11:30:54,
70157,op_change,0,to_T_appro_prindere,1,100.0007,25.65546,36.4021,-7.828447,-0.0004545681,61.43184,25.59809,556.4265,271.5106,392.6381,01/07/2024,11:21:21,,01/07/2024,11:30:54,
70282,op_change,0,to_T_appro_prindere,1,100.0007,26.53933,37.49257,-8.609329,0.001166365,61.12359,26.48795,556.2504,282.0736,386.7236,01/07/2024,11:21:21,,01/07/2024,11:30:54,
70402,op_change,0,to_T_appro_prindere,1,100.0008,27.40979,38.60792,-9.451013,0.0008962099,60.85156,27.35617,556.0772,292.6149,380.823,01/07/2024,11:21:21,,01/07/2024,11:30:54,
70520,op_change,0,to_T_appro_prindere,1,100.0009,28.26726,39.74579,-10.3505,-0.0009048274,60.61037,28.21225,555.8887,303.189,374.9154,01/07/2024,11:21:21,,01/07/2024,11:30:54,
70643,op_change,0,to_T_appro_prindere,1,100.0006,29.11378,40.91022,-11.31177,-0.0007247237,60.40546,29.06187,555.7155,313.7394,369.004,01/07/2024,11:21:21,,01/07/2024,11:30:54,
70762,op_change,0,to_T_appro_prindere,1,100.0007,29.94573,42.09917,-12.33613,0.001346469,60.24546,29.89023,555.5461,324.2951,363.1283,01/07/2024,11:21:22,,01/07/2024,11:30:55,
70974,op_change,0,to_T_appro_depunere,1,0,30.76343,43.31201,-13.42249,0.0006260544,60.11533,30.7135,555.3734,334.8595,357.2218,01/07/2024,11:21:22,,01/07/2024,11:30:55,
71081,op_change,1,to_T_appro_depunere,1,100.0003,31.74078,44.80914,-14.82066,-0.0004545681,60.01756,31.6839,555.2606,343.2674,352.5102,01/07/2024,11:21:22,,01/07/2024,11:30:55,
71201,op_change,1,to_T_appro_depunere,1,100.0003,31.31818,44.39085,-14.09453,-0.0004545681,59.69962,31.27964,555.2083,333.0612,352.4339,01/07/2024,11:21:22,,01/07/2024,11:30:55,
71325,op_change,1,to_T_appro_depunere,1,100.0001,30.39243,43.52055,-12.55594,0.001616625,59.0397,30.34971,555.2103,320.9733,352.5007,01/07/2024,11:21:22,,01/07/2024,11:30:55,
71444,op_change,1,to_T_appro_depunere,1,100.0001,29.45452,42.68665,-11.08181,-0.0007247237,58.40201,29.41455,555.2286,308.8545,352.5855,01/07/2024,11:21:22,,01/07/2024,11:30:55,
71564,op_change,1,to_T_appro_depunere,1,100.0001,28.50826,41.87759,-9.672953,-0.0004545681,57.79608,28.45925,555.2222,296.7554,352.5379,01/07/2024,11:21:22,,01/07/2024,11:30:55,
71687,op_change,1,to_T_appro_depunere,1,100.0001,27.53863,41.10103,-8.326314,0.001346469,57.22219,27.48885,555.2482,284.6125,352.5018,01/07/2024,11:21:22,,01/07/2024,11:30:56,
71800,op_change,1,to_T_appro_depunere,1,100.0007,26.54696,40.36383,-7.039331,-0.0002744643,56.67924,26.4946,555.2477,273.3171,352.5326,01/07/2024,11:21:23,,01/07/2024,11:30:56,
71919,op_change,1,to_T_appro_depunere,1,100.0006,25.60743,39.70265,-5.892384,-0.0004545681,56.19445,25.55415,555.242,261.2539,352.5715,01/07/2024,11:21:23,,01/07/2024,11:30:56,
72040,op_change,1,to_T_appro_depunere,1,100.0006,24.58272,39.02037,-4.721662,0.0006260544,55.70006,24.53213,555.2388,249.1519,352.5642,01/07/2024,11:21:23,,01/07/2024,11:30:56,
72161,op_change,1,to_T_appro_depunere,1,100.0005,23.53876,38.37144,-3.60656,0.000175795,55.23523,23.49183,555.2383,237.0571,352.5486,01/07/2024,11:21:23,,01/07/2024,11:30:56,
72283,op_change,1,to_T_appro_depunere,1,100.0005,22.48296,37.75551,-2.549208,-0.0004545681,54.7962,22.43269,555.2343,224.9752,352.5736,01/07/2024,11:21:23,,01/07/2024,11:30:56,
72404,op_change,1,to_T_appro_depunere,1,100.0004,21.40864,37.16755,-1.547422,0.0006260544,54.38441,21.35873,555.235,212.8617,352.5729,01/07/2024,11:21:23,,01/07/2024,11:30:56,
72522,op_change,1,to_T_appro_depunere,1,100.0005,20.32007,36.61032,-0.600657,0.0008962099,53.99044,20.26955,555.2375,201.1679,352.5771,01/07/2024,11:21:23,,01/07/2024,11:30:56,
72643,op_change,1,to_T_appro_depunere,1,100.0005,19.2537,36.10061,0.2613665,-0.0009048274,53.63902,19.20218,555.2276,189.0923,352.5833,01/07/2024,11:21:23,,01/07/2024,11:30:56,
72762,op_change,1,to_T_appro_depunere,1,100.0005,18.1314,35.60603,1.096888,-0.0002744643,53.29605,18.08074,555.2347,176.9881,352.584,01/07/2024,11:21:24,,01/07/2024,11:30:57,
72883,op_change,1,to_T_appro_depunere,1,100.0005,16.99669,35.14024,1.880551,0.001616625,52.98011,16.94456,555.236,164.8952,352.5782,01/07/2024,11:21:24,,01/07/2024,11:30:57,
73004,op_change,1,to_T_appro_depunere,1,100.0004,15.84924,34.70506,2.610501,0.000175795,52.68755,15.79644,555.2332,152.797,352.582,01/07/2024,11:21:24,,01/07/2024,11:30:57,
73125,op_change,1,to_T_appro_depunere,1,100.0004,14.68607,34.30344,3.286519,-0.0009048274,52.41452,14.63584,555.2355,140.6918,352.5948,01/07/2024,11:21:24,,01/07/2024,11:30:57,
73248,op_change,1,to_T_appro_depunere,1,100.0004,13.51338,33.93087,3.908225,0.000175795,52.16414,13.46288,555.2332,128.6013,352.5964,01/07/2024,11:21:24,,01/07/2024,11:30:57,
73368,op_change,1,to_T_appro_depunere,1,100.0004,12.32737,33.58739,4.475782,-0.0002744643,51.93618,12.27943,555.2406,116.4927,352.6058,01/07/2024,11:21:24,,01/07/2024,11:30:57,
73480,op_change,1,to_T_appro_depunere,1,100.0001,11.12985,33.27858,4.990335,0.000175795,51.73253,11.08016,555.2334,105.2151,352.599,01/07/2024,11:21:24,,01/07/2024,11:30:57,
73601,op_change,1,to_T_appro_depunere,1,100.0002,10.00665,33.01775,5.420147,0.001616625,51.5636,9.955257,555.2295,93.11743,352.6249,01/07/2024,11:21:24,,01/07/2024,11:30:57,
